{"date": "2022-10-27", "opening": 110550.00000001, "closing": 107554.16, "lowest": 107500.01, "highest": 111150, "volume": "6967274.69615648", "quantity": "63.86023363", "amount": 2980, "avg_price": 109101.92932465}
{"amount": 0.11543319, "date": 1667051639, "price": 109734.00001, "tid": 14345802, "type": "sell"}
{"amount": 0.1777, "date": 1667051639, "price": 109734, "tid": 14345803, "type": "sell"}
{"amount": 0.02259487, "date": 1667051639, "price": 109712.00642349, "tid": 14345804, "type": "sell"}
{"amount": 0.00045441, "date": 1667051662, "price": 110030.92998999, "tid": 14345805, "type": "buy"}
{"amount": 0.01210421, "date": 1667051825, "price": 110030.92992999, "tid": 14345806, "type": "buy"}
{"amount": 0.00119912, "date": 1667051864, "price": 109929.3290546, "tid": 14345807, "type": "sell"}
{"amount": 0.000456, "date": 1667051945, "price": 109952.31952155, "tid": 14345808, "type": "sell"}
{"amount": 0.0227, "date": 1667051945, "price": 110161.42169059, "tid": 14345809, "type": "buy"}
{"amount": 0.00070651, "date": 1667051945, "price": 110174.93139631, "tid": 14345810, "type": "buy"}
{"amount": 0.00018682, "date": 1667051984, "price": 109977.90130792, "tid": 14345811, "type": "sell"}
{"amount": 0.0021883, "date": 1667051987, "price": 109977.89660001, "tid": 14345812, "type": "sell"}
{"amount": 0.00376613, "date": 1667052006, "price": 110187.01, "tid": 14345813, "type": "buy"}
{"amount": 0.00236745, "date": 1667052006, "price": 110198.34321, "tid": 14345814, "type": "buy"}
{"amount": 0.0148, "date": 1667052016, "price": 110212.32401999, "tid": 14345815, "type": "buy"}
{"amount": 0.00208118, "date": 1667052016, "price": 110227.43161823, "tid": 14345816, "type": "buy"}
{"amount": 0.00290148, "date": 1667052046, "price": 110288.36999, "tid": 14345817, "type": "buy"}
{"amount": 3.82e-05, "date": 1667052055, "price": 110038.52926, "tid": 14345818, "type": "sell"}
{"amount": 0.00907047, "date": 1667052083, "price": 110247.80125, "tid": 14345819, "type": "buy"}
{"amount": 0.01480844, "date": 1667052176, "price": 110286.54998997, "tid": 14345820, "type": "buy"}
{"amount": 0.0153, "date": 1667052197, "price": 110286.54998987, "tid": 14345821, "type": "buy"}
{"amount": 0.0134, "date": 1667052237, "price": 110146.83355458, "tid": 14345822, "type": "sell"}
{"amount": 0.11578948, "date": 1667052237, "price": 110146.83355457, "tid": 14345823, "type": "sell"}
{"amount": 0.06348902, "date": 1667052237, "price": 110146.83212729, "tid": 14345824, "type": "sell"}
{"amount": 0.00450448, "date": 1667052352, "price": 110161.61510471, "tid": 14345825, "type": "sell"}
{"amount": 0.00310174, "date": 1667052370, "price": 110347.6773, "tid": 14345826, "type": "buy"}
{"amount": 4.531e-05, "date": 1667052370, "price": 110347.6773, "tid": 14345827, "type": "buy"}
{"amount": 0.0005654, "date": 1667052392, "price": 110347.6773, "tid": 14345828, "type": "buy"}
{"amount": 0.00052733, "date": 1667052421, "price": 110163.51679162, "tid": 14345829, "type": "sell"}
{"amount": 0.0003558, "date": 1667052501, "price": 110178.89925571, "tid": 14345830, "type": "sell"}
{"amount": 0.00280006, "date": 1667052569, "price": 110276.81504197, "tid": 14345831, "type": "sell"}
{"amount": 0.00035226, "date": 1667052662, "price": 110486.41622994, "tid": 14345832, "type": "buy"}
{"amount": 1.375e-05, "date": 1667052674, "price": 110486.41623, "tid": 14345833, "type": "buy"}
{"amount": 0.04522275, "date": 1667052680, "price": 110486.41623, "tid": 14345834, "type": "buy"}
{"amount": 1.357e-05, "date": 1667052752, "price": 110499.99996999, "tid": 14345835, "type": "buy"}
{"amount": 0.00045248, "date": 1667052793, "price": 110499.99996991, "tid": 14345836, "type": "buy"}
{"amount": 0.00156215, "date": 1667052797, "price": 110499.99996991, "tid": 14345837, "type": "buy"}
{"amount": 5.405e-05, "date": 1667052854, "price": 110500, "tid": 14345838, "type": "buy"}
{"amount": 0.0099999, "date": 1667052854, "price": 110500, "tid": 14345839, "type": "buy"}
{"amount": 0.0036199, "date": 1667052887, "price": 110380.47651054, "tid": 14345840, "type": "sell"}
{"amount": 0.00226059, "date": 1667052891, "price": 110590.36635999, "tid": 14345841, "type": "buy"}
{"amount": 0.00045211, "date": 1667052929, "price": 110590.36635, "tid": 14345842, "type": "buy"}
{"amount": 0.00451816, "date": 1667052953, "price": 110664.49999, "tid": 14345843, "type": "buy"}
{"amount": 2.06e-05, "date": 1667052957, "price": 110664.49999, "tid": 14345844, "type": "buy"}
{"amount": 8.04e-06, "date": 1667052963, "price": 110654.94799078, "tid": 14345845, "type": "buy"}
{"amount": 0.00045185, "date": 1667052973, "price": 110654.94797999, "tid": 14345846, "type": "buy"}
{"amount": 0.02074815, "date": 1667052983, "price": 110654.94797999, "tid": 14345847, "type": "buy"}
{"amount": 4.6e-07, "date": 1667052992, "price": 110710.28, "tid": 14345848, "type": "sell"}
{"amount": 0.00187924, "date": 1667052992, "price": 110550.901989, "tid": 14345849, "type": "sell"}
{"amount": 0.00037481, "date": 1667053009, "price": 110879.99999997, "tid": 14345850, "type": "buy"}
{"amount": 9.018e-05, "date": 1667053021, "price": 110880, "tid": 14345851, "type": "buy"}
{"amount": 4.509e-05, "date": 1667053027, "price": 110880, "tid": 14345852, "type": "buy"}
{"amount": 0.00486473, "date": 1667053032, "price": 110880, "tid": 14345853, "type": "buy"}
{"amount": 0.00189504, "date": 1667053032, "price": 110899, "tid": 14345854, "type": "buy"}
{"amount": 0.0201, "date": 1667053042, "price": 110938.98206999, "tid": 14345855, "type": "buy"}
{"amount": 0.00903, "date": 1667053042, "price": 110975.1, "tid": 14345856, "type": "buy"}
{"amount": 0.00243618, "date": 1667053042, "price": 110978.34, "tid": 14345857, "type": "buy"}
{"amount": 0.00059055, "date": 1667053067, "price": 110935.44005, "tid": 14345858, "type": "sell"}
{"amount": 0.00801, "date": 1667053224, "price": 110817.55785527, "tid": 14345859, "type": "sell"}
{"amount": 0.00295, "date": 1667053224, "price": 110817.22944089, "tid": 14345860, "type": "sell"}
{"amount": 0.00354, "date": 1667053224, "price": 110816.79155505, "tid": 14345861, "type": "sell"}
{"amount": 0.00271, "date": 1667053224, "price": 110816.09745941, "tid": 14345862, "type": "sell"}
{"amount": 0.02515056, "date": 1667053224, "price": 110789.05646, "tid": 14345863, "type": "sell"}
{"amount": 0.06810721, "date": 1667053224, "price": 110581.00736, "tid": 14345864, "type": "sell"}
{"amount": 0.08046834, "date": 1667053224, "price": 110581.0073535, "tid": 14345865, "type": "sell"}
{"amount": 0.17099029, "date": 1667053224, "price": 110581, "tid": 14345866, "type": "sell"}
{"amount": 0.00283, "date": 1667053285, "price": 110764.72892558, "tid": 14345867, "type": "sell"}
{"amount": 0.0062, "date": 1667053285, "price": 110764.47589144, "tid": 14345868, "type": "sell"}
{"amount": 0.0003052, "date": 1667053311, "price": 110685.4221, "tid": 14345869, "type": "sell"}
{"amount": 0.00026954, "date": 1667053375, "price": 110632.52, "tid": 14345870, "type": "buy"}
{"amount": 0.00051127, "date": 1667053472, "price": 110625.50999, "tid": 14345871, "type": "buy"}
{"amount": 0.0028, "date": 1667053544, "price": 110496.56183637, "tid": 14345872, "type": "sell"}
{"amount": 0.00277, "date": 1667053544, "price": 110496.07503775, "tid": 14345873, "type": "sell"}
{"amount": 0.00274, "date": 1667053544, "price": 110494.72644253, "tid": 14345874, "type": "sell"}
{"amount": 0.001, "date": 1667053544, "price": 110490.4871, "tid": 14345875, "type": "sell"}
{"amount": 0.00683343, "date": 1667053544, "price": 110490.4571, "tid": 14345876, "type": "sell"}
{"amount": 0.00776, "date": 1667053544, "price": 110483.47650313, "tid": 14345877, "type": "sell"}
{"amount": 0.00329, "date": 1667053544, "price": 110483.15041793, "tid": 14345878, "type": "sell"}
{"amount": 0.00302657, "date": 1667053544, "price": 110304.00227033, "tid": 14345879, "type": "sell"}
{"amount": 0.01334, "date": 1667053585, "price": 110438.83619715, "tid": 14345880, "type": "sell"}
{"amount": 0.0001452, "date": 1667053644, "price": 110440.54258001, "tid": 14345881, "type": "sell"}
{"amount": 0.05621141, "date": 1667053663, "price": 110615.10999, "tid": 14345882, "type": "buy"}
{"amount": 9.035e-05, "date": 1667053671, "price": 110675.19999, "tid": 14345883, "type": "buy"}
{"amount": 0.0016173, "date": 1667053713, "price": 110620.79020001, "tid": 14345884, "type": "sell"}
{"amount": 2.131e-05, "date": 1667053790, "price": 110698.74999, "tid": 14345885, "type": "buy"}
{"amount": 0.0007379, "date": 1667053813, "price": 110622.44688485, "tid": 14345886, "type": "sell"}
{"amount": 0.00092197, "date": 1667053864, "price": 110631.82, "tid": 14345887, "type": "buy"}
{"amount": 5.36e-05, "date": 1667053869, "price": 110631.81999, "tid": 14345888, "type": "buy"}
{"amount": 0.000104, "date": 1667053893, "price": 110497.25344678, "tid": 14345889, "type": "sell"}
{"amount": 0.00011052, "date": 1667054103, "price": 110358.0061, "tid": 14345890, "type": "sell"}
{"amount": 0.00271616, "date": 1667054131, "price": 110449.74999, "tid": 14345891, "type": "buy"}
{"amount": 0.00065586, "date": 1667054150, "price": 110449.74999, "tid": 14345892, "type": "buy"}
{"amount": 0.0136, "date": 1667054154, "price": 110362.18633411, "tid": 14345893, "type": "sell"}
{"amount": 0.00304221, "date": 1667054154, "price": 110362.1863341, "tid": 14345894, "type": "sell"}
{"amount": 0.00143042, "date": 1667054348, "price": 110512.63999, "tid": 14345895, "type": "buy"}
{"amount": 1.312e-05, "date": 1667054356, "price": 110506.54398, "tid": 14345896, "type": "buy"}
{"amount": 0.0164, "date": 1667054430, "price": 110393.34120001, "tid": 14345897, "type": "sell"}
{"amount": 0.00066825, "date": 1667054430, "price": 110393.3412, "tid": 14345898, "type": "sell"}
{"amount": 0.0023212, "date": 1667054457, "price": 110395.1346, "tid": 14345899, "type": "sell"}
{"amount": 0.00980234, "date": 1667054506, "price": 110521.50907999, "tid": 14345900, "type": "buy"}
{"amount": 0.00020412, "date": 1667054513, "price": 110521.50907999, "tid": 14345901, "type": "buy"}
{"amount": 0.0295565, "date": 1667054550, "price": 110407.897, "tid": 14345902, "type": "sell"}
{"amount": 9.04e-06, "date": 1667054595, "price": 110528.34329999, "tid": 14345903, "type": "buy"}
{"amount": 0.01499142, "date": 1667054635, "price": 110562.63999, "tid": 14345904, "type": "buy"}
{"amount": 0.00077659, "date": 1667054709, "price": 110427.36423645, "tid": 14345905, "type": "sell"}
{"amount": 0.0159, "date": 1667054793, "price": 110434.80999999, "tid": 14345906, "type": "buy"}
{"amount": 7.49e-06, "date": 1667054793, "price": 110434.81, "tid": 14345907, "type": "buy"}
{"amount": 0.03847597, "date": 1667054810, "price": 110427.73999, "tid": 14345908, "type": "buy"}
{"amount": 0.03258825, "date": 1667054810, "price": 110427.74, "tid": 14345909, "type": "buy"}
{"amount": 0.0001, "date": 1667054839, "price": 110422.42239977, "tid": 14345910, "type": "sell"}
{"amount": 0.00452805, "date": 1667054861, "price": 110422.65999999, "tid": 14345911, "type": "buy"}
{"amount": 0.0001569, "date": 1667054912, "price": 110312.8076, "tid": 14345912, "type": "sell"}
{"amount": 0.00031706, "date": 1667055082, "price": 110386.66, "tid": 14345913, "type": "buy"}
{"amount": 0.00033, "date": 1667055236, "price": 110337.97506525, "tid": 14345914, "type": "sell"}
{"amount": 6.753e-05, "date": 1667055281, "price": 110466.41931387, "tid": 14345915, "type": "buy"}
{"amount": 0.00045306, "date": 1667055320, "price": 110332.57517657, "tid": 14345916, "type": "sell"}
{"amount": 0.00233, "date": 1667055325, "price": 110334.33370747, "tid": 14345917, "type": "sell"}
{"amount": 0.0013809, "date": 1667055349, "price": 110350.71636312, "tid": 14345918, "type": "sell"}
{"amount": 0.00034852, "date": 1667055360, "price": 110406.78, "tid": 14345919, "type": "buy"}
{"amount": 0.00163032, "date": 1667055450, "price": 110407.62, "tid": 14345920, "type": "buy"}
{"amount": 9.045e-05, "date": 1667055490, "price": 110551.02600532, "tid": 14345921, "type": "buy"}
{"amount": 4.803e-05, "date": 1667055542, "price": 110363.31092267, "tid": 14345922, "type": "sell"}
{"amount": 0.00038122, "date": 1667055553, "price": 110368.32331804, "tid": 14345923, "type": "sell"}
{"amount": 0.00269127, "date": 1667055580, "price": 110368.87375001, "tid": 14345924, "type": "sell"}
{"amount": 2.588e-05, "date": 1667055595, "price": 110540.95185914, "tid": 14345925, "type": "buy"}
{"amount": 9.053e-05, "date": 1667055645, "price": 110452.85, "tid": 14345926, "type": "buy"}
{"amount": 0.00068046, "date": 1667055861, "price": 110439.36, "tid": 14345927, "type": "buy"}
{"amount": 0.00126766, "date": 1667055877, "price": 110439.36, "tid": 14345928, "type": "buy"}
{"amount": 0.00339507, "date": 1667055900, "price": 110439.36, "tid": 14345929, "type": "buy"}
{"amount": 0.14987908, "date": 1667055924, "price": 110439.36, "tid": 14345930, "type": "buy"}
{"amount": 0.00279874, "date": 1667055943, "price": 110551.02, "tid": 14345931, "type": "buy"}
{"amount": 0.14727758, "date": 1667055958, "price": 110571.69, "tid": 14345932, "type": "buy"}
{"amount": 0.00180697, "date": 1667056034, "price": 110682.33087468, "tid": 14345933, "type": "buy"}
{"amount": 0.00034063, "date": 1667056057, "price": 110421.10462745, "tid": 14345934, "type": "sell"}
{"amount": 0.00292, "date": 1667056072, "price": 110429.46172529, "tid": 14345935, "type": "sell"}
{"amount": 0.00289, "date": 1667056072, "price": 110428.28781857, "tid": 14345936, "type": "sell"}
{"amount": 0.0085514, "date": 1667056072, "price": 110426.79403463, "tid": 14345937, "type": "sell"}
{"amount": 0.000163, "date": 1667056108, "price": 110471.2410799, "tid": 14345938, "type": "sell"}
{"amount": 0.00054203, "date": 1667056136, "price": 110694.27320848, "tid": 14345939, "type": "buy"}
{"amount": 0.00103221, "date": 1667056174, "price": 110694.27320848, "tid": 14345940, "type": "buy"}
{"amount": 0.0004576, "date": 1667056308, "price": 110749.54582663, "tid": 14345941, "type": "buy"}
{"amount": 0.00451481, "date": 1667056360, "price": 110746.47896413, "tid": 14345942, "type": "buy"}
{"amount": 0.00979, "date": 1667056389, "price": 110583.63253032, "tid": 14345943, "type": "sell"}
{"amount": 0.00357, "date": 1667056389, "price": 110582.79868388, "tid": 14345944, "type": "sell"}
{"amount": 0.00346, "date": 1667056389, "price": 110581.78946565, "tid": 14345945, "type": "sell"}
{"amount": 0.00148979, "date": 1667056389, "price": 110581.34925063, "tid": 14345946, "type": "sell"}
{"amount": 3.83e-05, "date": 1667056391, "price": 110583.39262479, "tid": 14345947, "type": "sell"}
{"amount": 0.0144, "date": 1667056459, "price": 110632.73756235, "tid": 14345948, "type": "sell"}
{"amount": 0.0027, "date": 1667056459, "price": 110632.73756234, "tid": 14345949, "type": "sell"}
{"amount": 0.00026965, "date": 1667056459, "price": 110632.4867, "tid": 14345950, "type": "sell"}
{"amount": 0.00162459, "date": 1667056477, "price": 110772.02832171, "tid": 14345951, "type": "buy"}
{"amount": 8.819e-05, "date": 1667056477, "price": 110772.02832171, "tid": 14345952, "type": "buy"}
{"amount": 0.00063548, "date": 1667056630, "price": 110655.50337103, "tid": 14345953, "type": "buy"}
{"amount": 0.0059744, "date": 1667056806, "price": 110598.51240247, "tid": 14345954, "type": "sell"}
{"amount": 9.02e-06, "date": 1667056817, "price": 110767.27620677, "tid": 14345955, "type": "buy"}
{"amount": 9.02e-06, "date": 1667056836, "price": 110784.73632393, "tid": 14345956, "type": "buy"}
{"amount": 6.48e-05, "date": 1667056849, "price": 110786.57154024, "tid": 14345957, "type": "buy"}
{"amount": 0.00042848, "date": 1667056895, "price": 110786.57154024, "tid": 14345958, "type": "buy"}
{"amount": 0.02309169, "date": 1667056931, "price": 110862.35552488, "tid": 14345959, "type": "buy"}
{"amount": 4.905e-05, "date": 1667056998, "price": 110712.77214744, "tid": 14345960, "type": "sell"}
{"amount": 0.0001436, "date": 1667057001, "price": 110714.39626919, "tid": 14345961, "type": "sell"}
{"amount": 0.0009256, "date": 1667057013, "price": 110719.33015572, "tid": 14345962, "type": "sell"}
{"amount": 5.58e-05, "date": 1667057019, "price": 110722.65389558, "tid": 14345963, "type": "sell"}
{"amount": 0.00078419, "date": 1667057060, "price": 110852.34206591, "tid": 14345964, "type": "buy"}
{"amount": 0.0016583, "date": 1667057092, "price": 110746.9896, "tid": 14345965, "type": "sell"}
{"amount": 0.00072041, "date": 1667057156, "price": 110746.98965, "tid": 14345966, "type": "sell"}
{"amount": 0.00362, "date": 1667057165, "price": 110746.97957215, "tid": 14345967, "type": "sell"}
{"amount": 0.0040716, "date": 1667057165, "price": 110745.4602635, "tid": 14345968, "type": "sell"}
{"amount": 0.00090253, "date": 1667057246, "price": 110798.84, "tid": 14345969, "type": "buy"}
{"amount": 0.03584875, "date": 1667057248, "price": 110798.84, "tid": 14345970, "type": "buy"}
{"amount": 0.0001125, "date": 1667057286, "price": 110745.46026351, "tid": 14345971, "type": "sell"}
{"amount": 0.00045005, "date": 1667057302, "price": 110746.80323776, "tid": 14345972, "type": "sell"}
{"amount": 0.00536437, "date": 1667057406, "price": 110792.1007, "tid": 14345973, "type": "sell"}
{"amount": 0.00094262, "date": 1667057474, "price": 110792.1, "tid": 14345974, "type": "buy"}
{"amount": 0.00404, "date": 1667057581, "price": 110751.88995244, "tid": 14345975, "type": "sell"}
{"amount": 0.00086737, "date": 1667057581, "price": 110751.2222, "tid": 14345976, "type": "sell"}
{"amount": 3.968e-05, "date": 1667057591, "price": 110755.7142256, "tid": 14345977, "type": "sell"}
{"amount": 9.738e-05, "date": 1667057642, "price": 110792.1, "tid": 14345978, "type": "buy"}
{"amount": 0.01893575, "date": 1667057657, "price": 110862.34999999, "tid": 14345979, "type": "buy"}
{"amount": 8.76e-06, "date": 1667057755, "price": 110830.89694803, "tid": 14345980, "type": "sell"}
{"amount": 8.831e-05, "date": 1667057782, "price": 110980, "tid": 14345981, "type": "buy"}
{"amount": 0.00312, "date": 1667057814, "price": 110862.21180489, "tid": 14345982, "type": "sell"}
{"amount": 0.00046334, "date": 1667057814, "price": 110862.04653848, "tid": 14345983, "type": "sell"}
{"amount": 0.00362974, "date": 1667057824, "price": 110977.57663484, "tid": 14345984, "type": "buy"}
{"amount": 0.0009011, "date": 1667057857, "price": 110730.54935, "tid": 14345985, "type": "sell"}
{"amount": 0.0044098, "date": 1667057923, "price": 110660.16610001, "tid": 14345986, "type": "sell"}
{"amount": 0.0016395, "date": 1667057992, "price": 110679.4607629, "tid": 14345987, "type": "buy"}
{"amount": 0.00018791, "date": 1667058096, "price": 110741.10105935, "tid": 14345988, "type": "buy"}
{"amount": 0.00902946, "date": 1667058181, "price": 110748.56159674, "tid": 14345989, "type": "buy"}
{"amount": 0.00811, "date": 1667058276, "price": 110633.36541607, "tid": 14345990, "type": "sell"}
{"amount": 0.0172, "date": 1667058276, "price": 110633.30420001, "tid": 14345991, "type": "sell"}
{"amount": 0.05, "date": 1667058276, "price": 110633.3042, "tid": 14345992, "type": "sell"}
{"amount": 0.0137, "date": 1667058276, "price": 110633.29417411, "tid": 14345993, "type": "sell"}
{"amount": 0.00347, "date": 1667058276, "price": 110633.2941741, "tid": 14345994, "type": "sell"}
{"amount": 0.00289, "date": 1667058276, "price": 110633.25361543, "tid": 14345995, "type": "sell"}
{"amount": 0.00309, "date": 1667058276, "price": 110632.30029752, "tid": 14345996, "type": "sell"}
{"amount": 0.00305, "date": 1667058276, "price": 110631.73430678, "tid": 14345997, "type": "sell"}
{"amount": 0.00847, "date": 1667058276, "price": 110631.50633595, "tid": 14345998, "type": "sell"}
{"amount": 0.01002, "date": 1667058276, "price": 110614.77849107, "tid": 14345999, "type": "sell"}
{"amount": 0.00018047, "date": 1667058295, "price": 110817.49495238, "tid": 14346000, "type": "buy"}
{"amount": 5.701e-05, "date": 1667058316, "price": 110650.79932836, "tid": 14346001, "type": "sell"}
{"amount": 0.0002389, "date": 1667058335, "price": 110660.22551982, "tid": 14346002, "type": "sell"}
{"amount": 0.00236, "date": 1667058358, "price": 110669.19122752, "tid": 14346003, "type": "sell"}
{"amount": 0.00086364, "date": 1667058358, "price": 110668.4649, "tid": 14346004, "type": "sell"}
{"amount": 0.00022641, "date": 1667058372, "price": 110813.59238999, "tid": 14346005, "type": "buy"}
{"amount": 0.000564, "date": 1667058393, "price": 110678.87043427, "tid": 14346006, "type": "sell"}
{"amount": 0.00013536, "date": 1667058410, "price": 110813.59233, "tid": 14346007, "type": "buy"}
{"amount": 0.00225, "date": 1667058417, "price": 110686.48352816, "tid": 14346008, "type": "sell"}
{"amount": 0.0019, "date": 1667058417, "price": 110685.41310089, "tid": 14346009, "type": "sell"}
{"amount": 0.00194, "date": 1667058417, "price": 110684.81052655, "tid": 14346010, "type": "sell"}
{"amount": 0.00532, "date": 1667058417, "price": 110683.60699086, "tid": 14346011, "type": "sell"}
{"amount": 0.03859, "date": 1667058417, "price": 110683.1372, "tid": 14346012, "type": "sell"}
{"amount": 1.904e-05, "date": 1667058474, "price": 110808.070605, "tid": 14346013, "type": "buy"}
{"amount": 0.00033, "date": 1667058510, "price": 110629.70089254, "tid": 14346014, "type": "sell"}
{"amount": 0.00162, "date": 1667058600, "price": 110641.9085883, "tid": 14346015, "type": "sell"}
{"amount": 0.00181, "date": 1667058600, "price": 110641.32560002, "tid": 14346016, "type": "sell"}
{"amount": 7.331e-05, "date": 1667058600, "price": 110640.3031, "tid": 14346017, "type": "sell"}
{"amount": 0.0336, "date": 1667058670, "price": 110640.3031, "tid": 14346018, "type": "sell"}
{"amount": 0.00094318, "date": 1667058673, "price": 110640.3031, "tid": 14346019, "type": "sell"}
{"amount": 0.00090261, "date": 1667058680, "price": 110789.10443999, "tid": 14346020, "type": "buy"}
{"amount": 0.0196, "date": 1667058756, "price": 110773.78610999, "tid": 14346021, "type": "buy"}
{"amount": 0.00076511, "date": 1667058756, "price": 110773.78611, "tid": 14346022, "type": "buy"}
{"amount": 0.07406, "date": 1667058756, "price": 110798.60308579, "tid": 14346023, "type": "buy"}
{"amount": 0.00666374, "date": 1667058756, "price": 110798.88827212, "tid": 14346024, "type": "buy"}
{"amount": 0.0005527, "date": 1667058792, "price": 110657.10250273, "tid": 14346025, "type": "sell"}
{"amount": 0.01083027, "date": 1667058797, "price": 110800.54820281, "tid": 14346026, "type": "buy"}
{"amount": 0.00012056, "date": 1667058842, "price": 110675.29875001, "tid": 14346027, "type": "sell"}
{"amount": 0.00260152, "date": 1667058982, "price": 110628.38122809, "tid": 14346028, "type": "sell"}
{"amount": 1.352e-05, "date": 1667059026, "price": 110932.26193328, "tid": 14346029, "type": "buy"}
{"amount": 0.00027043, "date": 1667059050, "price": 110932.26193328, "tid": 14346030, "type": "buy"}
{"amount": 0.00407014, "date": 1667059058, "price": 110932.26193328, "tid": 14346031, "type": "buy"}
{"amount": 4.507e-05, "date": 1667059088, "price": 110932.26193328, "tid": 14346032, "type": "buy"}
{"amount": 0.00080833, "date": 1667059111, "price": 110932.26193328, "tid": 14346033, "type": "buy"}
{"amount": 0.00049924, "date": 1667059207, "price": 110928.11277194, "tid": 14346034, "type": "buy"}
{"amount": 0.00017589, "date": 1667059219, "price": 110972.24847176, "tid": 14346035, "type": "buy"}
{"amount": 0.022, "date": 1667059252, "price": 110965.41344124, "tid": 14346036, "type": "buy"}
{"amount": 0.02313, "date": 1667059252, "price": 110965.41344125, "tid": 14346037, "type": "buy"}
{"amount": 0.0186, "date": 1667059252, "price": 110965.73031494, "tid": 14346038, "type": "buy"}
{"amount": 0.02638804, "date": 1667059252, "price": 110965.73031495, "tid": 14346039, "type": "buy"}
{"amount": 0.0146, "date": 1667059315, "price": 110826.8124847, "tid": 14346040, "type": "sell"}
{"amount": 0.0395, "date": 1667059315, "price": 110826.8124847, "tid": 14346041, "type": "sell"}
{"amount": 0.00586, "date": 1667059315, "price": 110826.81248469, "tid": 14346042, "type": "sell"}
{"amount": 0.06238067, "date": 1667059315, "price": 110825.27371755, "tid": 14346043, "type": "sell"}
{"amount": 0.06238067, "date": 1667059315, "price": 110825.27130877, "tid": 14346044, "type": "sell"}
{"amount": 0.01527866, "date": 1667059315, "price": 110825.27036514, "tid": 14346045, "type": "sell"}
{"amount": 0.00080268, "date": 1667059385, "price": 110850.22841452, "tid": 14346046, "type": "sell"}
{"amount": 0.00074263, "date": 1667059393, "price": 110851.5816681, "tid": 14346047, "type": "sell"}
{"amount": 0.00663921, "date": 1667059426, "price": 110842.94511, "tid": 14346048, "type": "sell"}
{"amount": 0.00676, "date": 1667059426, "price": 110769.35045511, "tid": 14346049, "type": "sell"}
{"amount": 0.00943329, "date": 1667059426, "price": 110769.16179153, "tid": 14346050, "type": "sell"}
{"amount": 9.642e-05, "date": 1667059435, "price": 110772.24096749, "tid": 14346051, "type": "sell"}
{"amount": 0.00901118, "date": 1667059437, "price": 110973.25515512, "tid": 14346052, "type": "buy"}
{"amount": 0.0047837, "date": 1667059554, "price": 110792.85665075, "tid": 14346053, "type": "buy"}
{"amount": 0.00090613, "date": 1667059573, "price": 110789.81923742, "tid": 14346054, "type": "buy"}
{"amount": 2.316e-05, "date": 1667059632, "price": 110623.6330075, "tid": 14346055, "type": "sell"}
{"amount": 0.00139698, "date": 1667059760, "price": 110724.86468877, "tid": 14346056, "type": "sell"}
{"amount": 0.01359117, "date": 1667059792, "price": 110735.49973, "tid": 14346057, "type": "sell"}
{"amount": 0.0001995, "date": 1667059820, "price": 110745.8582714, "tid": 14346058, "type": "sell"}
{"amount": 4.646e-05, "date": 1667059826, "price": 110951.99657937, "tid": 14346059, "type": "buy"}
{"amount": 0.00180258, "date": 1667059834, "price": 110951.99656999, "tid": 14346060, "type": "buy"}
{"amount": 0.0334, "date": 1667059867, "price": 110761.07480435, "tid": 14346061, "type": "sell"}
{"amount": 0.0199, "date": 1667059867, "price": 110761.07480435, "tid": 14346062, "type": "sell"}
{"amount": 0.01491, "date": 1667059872, "price": 110762.56780872, "tid": 14346063, "type": "sell"}
{"amount": 0.00645, "date": 1667059872, "price": 110761.34101414, "tid": 14346064, "type": "sell"}
{"amount": 0.00538, "date": 1667059872, "price": 110761.1011086, "tid": 14346065, "type": "sell"}
{"amount": 0.02716, "date": 1667059872, "price": 110761.0848, "tid": 14346066, "type": "sell"}
{"amount": 8.29e-06, "date": 1667059958, "price": 110966.96827356, "tid": 14346067, "type": "buy"}
{"amount": 0.00450531, "date": 1667060118, "price": 110980, "tid": 14346068, "type": "buy"}
{"amount": 0.00630744, "date": 1667060127, "price": 110979.99999, "tid": 14346069, "type": "buy"}
{"amount": 9.01e-05, "date": 1667060178, "price": 110979.99994999, "tid": 14346070, "type": "buy"}
{"amount": 0.00025141, "date": 1667060250, "price": 110782.51676, "tid": 14346071, "type": "sell"}
{"amount": 0.00972499, "date": 1667060278, "price": 110782.52468, "tid": 14346072, "type": "sell"}
{"amount": 0.0219, "date": 1667060400, "price": 110901.75103562, "tid": 14346073, "type": "buy"}
{"amount": 0.00515097, "date": 1667060400, "price": 110901.75103563, "tid": 14346074, "type": "buy"}
{"amount": 9.017e-05, "date": 1667060440, "price": 110894.30176, "tid": 14346075, "type": "buy"}
{"amount": 5.41e-05, "date": 1667060471, "price": 110891.33958487, "tid": 14346076, "type": "buy"}
{"amount": 2.921e-05, "date": 1667060501, "price": 110692.7357, "tid": 14346077, "type": "sell"}
{"amount": 0.00031194, "date": 1667060509, "price": 110878.0723268, "tid": 14346078, "type": "buy"}
{"amount": 0.00050793, "date": 1667060530, "price": 110701.54705125, "tid": 14346079, "type": "sell"}
{"amount": 0.00022177, "date": 1667060577, "price": 110644.13282483, "tid": 14346080, "type": "sell"}
{"amount": 0.00229465, "date": 1667060606, "price": 110653.22361437, "tid": 14346081, "type": "sell"}
{"amount": 0.00045123, "date": 1667060615, "price": 110807.48263, "tid": 14346082, "type": "buy"}
{"amount": 2.77e-05, "date": 1667060642, "price": 110803.51896, "tid": 14346083, "type": "buy"}
{"amount": 0.00902466, "date": 1667060670, "price": 110807.47999, "tid": 14346084, "type": "buy"}
{"amount": 0.0001378, "date": 1667060740, "price": 110651.19796622, "tid": 14346085, "type": "sell"}
{"amount": 0.01805196, "date": 1667060767, "price": 110791.25690999, "tid": 14346086, "type": "buy"}
{"amount": 0.0004827, "date": 1667060797, "price": 110649.3064746, "tid": 14346087, "type": "sell"}
{"amount": 0.0006174, "date": 1667060832, "price": 110577.0254, "tid": 14346088, "type": "sell"}
{"amount": 0.00451504, "date": 1667060912, "price": 110740.96763822, "tid": 14346089, "type": "buy"}
{"amount": 0.03489708, "date": 1667060914, "price": 110597.28927848, "tid": 14346090, "type": "sell"}
{"amount": 0.00543364, "date": 1667060914, "price": 110597.27485, "tid": 14346091, "type": "sell"}
{"amount": 0.00526, "date": 1667060914, "price": 110551.74147252, "tid": 14346092, "type": "sell"}
{"amount": 0.00532, "date": 1667060914, "price": 110550.47672778, "tid": 14346093, "type": "sell"}
{"amount": 0.00521, "date": 1667060914, "price": 110550.0085626, "tid": 14346094, "type": "sell"}
{"amount": 0.01429, "date": 1667060914, "price": 110549.34008794, "tid": 14346095, "type": "sell"}
{"amount": 0.00593, "date": 1667060914, "price": 110549.0070152, "tid": 14346096, "type": "sell"}
{"amount": 0.01444, "date": 1667060914, "price": 110548.34086972, "tid": 14346097, "type": "sell"}
{"amount": 0.00921928, "date": 1667060917, "price": 110543.52057, "tid": 14346098, "type": "buy"}
{"amount": 1.002e-05, "date": 1667060979, "price": 110713.48250098, "tid": 14346099, "type": "buy"}
{"amount": 0.02622259, "date": 1667061002, "price": 110555.662636, "tid": 14346100, "type": "sell"}
{"amount": 0.02622255, "date": 1667061002, "price": 110555.66169577, "tid": 14346101, "type": "sell"}
{"amount": 0.02622259, "date": 1667061002, "price": 110555.660268, "tid": 14346102, "type": "sell"}
{"amount": 0.05, "date": 1667061003, "price": 110555.6364, "tid": 14346103, "type": "buy"}
{"amount": 0.02130752, "date": 1667061079, "price": 110555.58298, "tid": 14346104, "type": "sell"}
{"amount": 0.00208361, "date": 1667061079, "price": 110523.46891322, "tid": 14346105, "type": "sell"}
{"amount": 1.807e-05, "date": 1667061138, "price": 110669.05558966, "tid": 14346106, "type": "buy"}
{"amount": 1.499e-05, "date": 1667061139, "price": 110669.05558966, "tid": 14346107, "type": "buy"}
{"amount": 0.00081838, "date": 1667061144, "price": 110669.05556999, "tid": 14346108, "type": "buy"}
{"amount": 4.526e-05, "date": 1667061201, "price": 110691.67656, "tid": 14346109, "type": "buy"}
{"amount": 1.814e-05, "date": 1667061239, "price": 110764.79070759, "tid": 14346110, "type": "buy"}
{"amount": 7.24e-06, "date": 1667061275, "price": 110576.80758784, "tid": 14346111, "type": "sell"}
{"amount": 6.32e-05, "date": 1667061277, "price": 110755.7934319, "tid": 14346112, "type": "buy"}
{"amount": 7.24e-05, "date": 1667061312, "price": 110585.47121616, "tid": 14346113, "type": "sell"}
{"amount": 0.00147171, "date": 1667061324, "price": 110742.99641, "tid": 14346114, "type": "buy"}
{"amount": 6.086e-05, "date": 1667061353, "price": 110733.08302812, "tid": 14346115, "type": "buy"}
{"amount": 0.00035309, "date": 1667061384, "price": 110558.91628, "tid": 14346116, "type": "sell"}
{"amount": 0.00627164, "date": 1667061498, "price": 110558.91628, "tid": 14346117, "type": "sell"}
{"amount": 0.00356, "date": 1667061498, "price": 110503.4472818, "tid": 14346118, "type": "sell"}
{"amount": 0.00436, "date": 1667061498, "price": 110502.91088712, "tid": 14346119, "type": "sell"}
{"amount": 0.00341, "date": 1667061498, "price": 110502.5272557, "tid": 14346120, "type": "sell"}
{"amount": 0.00422, "date": 1667061498, "price": 110501.77657646, "tid": 14346121, "type": "sell"}
{"amount": 0.00367, "date": 1667061498, "price": 110501.74465122, "tid": 14346122, "type": "sell"}
{"amount": 0.00944, "date": 1667061498, "price": 110501.10577262, "tid": 14346123, "type": "sell"}
{"amount": 0.00310133, "date": 1667061498, "price": 110499.66168102, "tid": 14346124, "type": "sell"}
{"amount": 0.00640318, "date": 1667061498, "price": 110696.42231957, "tid": 14346125, "type": "buy"}
{"amount": 0.00263, "date": 1667061597, "price": 110451.39967199, "tid": 14346126, "type": "sell"}
{"amount": 0.00046168, "date": 1667061597, "price": 110451.25526283, "tid": 14346127, "type": "sell"}
{"amount": 0.00018078, "date": 1667061769, "price": 110683.37056926, "tid": 14346128, "type": "buy"}
{"amount": 0.00180597, "date": 1667061953, "price": 110743.49043999, "tid": 14346129, "type": "buy"}
{"amount": 0.00135448, "date": 1667061998, "price": 110743.49042999, "tid": 14346130, "type": "buy"}
{"amount": 8.85e-05, "date": 1667062010, "price": 110743.49040999, "tid": 14346131, "type": "buy"}
{"amount": 9.02e-06, "date": 1667062080, "price": 110744.81878011, "tid": 14346132, "type": "buy"}
{"amount": 0.00278935, "date": 1667062102, "price": 110807.48, "tid": 14346133, "type": "buy"}
{"amount": 0.02973, "date": 1667062102, "price": 110816.88116415, "tid": 14346134, "type": "buy"}
{"amount": 0.0001, "date": 1667062102, "price": 110870, "tid": 14346135, "type": "buy"}
{"amount": 0.06789, "date": 1667062102, "price": 110934.08258251, "tid": 14346136, "type": "buy"}
{"amount": 0.07013, "date": 1667062102, "price": 110935.80101296, "tid": 14346137, "type": "buy"}
{"amount": 0.02973, "date": 1667062102, "price": 110937.741255, "tid": 14346138, "type": "buy"}
{"amount": 0.02451, "date": 1667062102, "price": 110937.96550408, "tid": 14346139, "type": "buy"}
{"amount": 0.02478, "date": 1667062102, "price": 110937.97037906, "tid": 14346140, "type": "buy"}
{"amount": 0.02224459, "date": 1667062102, "price": 110938.97, "tid": 14346141, "type": "buy"}
{"amount": 0.00186933, "date": 1667062106, "price": 110666.34808192, "tid": 14346142, "type": "sell"}
{"amount": 9.019e-05, "date": 1667062123, "price": 110876.81407999, "tid": 14346143, "type": "buy"}
{"amount": 1.803e-05, "date": 1667062202, "price": 110696.18487772, "tid": 14346144, "type": "sell"}
{"amount": 0.0008974, "date": 1667062204, "price": 110697.58937326, "tid": 14346145, "type": "sell"}
{"amount": 1.804e-05, "date": 1667062248, "price": 110846.60836999, "tid": 14346146, "type": "buy"}
{"amount": 0.0022554, "date": 1667062284, "price": 110724.41919768, "tid": 14346147, "type": "sell"}
{"amount": 0.0038908, "date": 1667062390, "price": 110762.32796874, "tid": 14346148, "type": "sell"}
{"amount": 0.0009028, "date": 1667062465, "price": 110658.32422594, "tid": 14346149, "type": "sell"}
{"amount": 0.0009, "date": 1667062517, "price": 110675.19680587, "tid": 14346150, "type": "sell"}
{"amount": 0.0003, "date": 1667062575, "price": 110695.30233, "tid": 14346151, "type": "sell"}
{"amount": 0.02845, "date": 1667062583, "price": 110699.8348719, "tid": 14346152, "type": "sell"}
{"amount": 0.05, "date": 1667062583, "price": 110698.1842, "tid": 14346153, "type": "sell"}
{"amount": 0.02938, "date": 1667062583, "price": 110698.17416656, "tid": 14346154, "type": "sell"}
{"amount": 0.07267, "date": 1667062583, "price": 110696.79763, "tid": 14346155, "type": "sell"}
{"amount": 0.0003623, "date": 1667062627, "price": 110656.68077, "tid": 14346156, "type": "sell"}
{"amount": 0.000662, "date": 1667062653, "price": 110583.07540953, "tid": 14346157, "type": "sell"}
{"amount": 0.00045169, "date": 1667062707, "price": 110694.08814389, "tid": 14346158, "type": "buy"}
{"amount": 1.084e-05, "date": 1667062734, "price": 110684.20655943, "tid": 14346159, "type": "buy"}
{"amount": 0.005, "date": 1667062744, "price": 110548.58509582, "tid": 14346160, "type": "sell"}
{"amount": 0.00019324, "date": 1667062773, "price": 110534.00005, "tid": 14346161, "type": "sell"}
{"amount": 0.00043188, "date": 1667062908, "price": 110504.97548182, "tid": 14346162, "type": "sell"}
{"amount": 2.736e-05, "date": 1667062941, "price": 110501.57046, "tid": 14346163, "type": "sell"}
{"amount": 1.085e-05, "date": 1667062982, "price": 110511, "tid": 14346164, "type": "buy"}
{"amount": 0.00135733, "date": 1667063020, "price": 110510.99999999, "tid": 14346165, "type": "buy"}
{"amount": 0.00069585, "date": 1667063110, "price": 110511, "tid": 14346166, "type": "buy"}
{"amount": 2.06e-05, "date": 1667063114, "price": 110510.16371388, "tid": 14346167, "type": "sell"}
{"amount": 0.00109944, "date": 1667063118, "price": 110511, "tid": 14346168, "type": "buy"}
{"amount": 0.00180977, "date": 1667063141, "price": 110511, "tid": 14346169, "type": "buy"}
{"amount": 0.08402409, "date": 1667063148, "price": 110511, "tid": 14346170, "type": "buy"}
{"amount": 9.6e-06, "date": 1667063220, "price": 110530.47023, "tid": 14346171, "type": "sell"}
{"amount": 0.00521319, "date": 1667063298, "price": 110559.4662, "tid": 14346172, "type": "sell"}
{"amount": 6.671e-05, "date": 1667063298, "price": 110467.38731101, "tid": 14346173, "type": "sell"}
{"amount": 0.00063348, "date": 1667063352, "price": 110500, "tid": 14346174, "type": "buy"}
{"amount": 1.266e-05, "date": 1667063356, "price": 110500, "tid": 14346175, "type": "buy"}
{"amount": 0.00027149, "date": 1667063388, "price": 110499, "tid": 14346176, "type": "buy"}
{"amount": 0.0004966, "date": 1667063500, "price": 110497.8916, "tid": 14346177, "type": "sell"}
{"amount": 0.0001441, "date": 1667063619, "price": 110497.92160001, "tid": 14346178, "type": "sell"}
{"amount": 0.02228, "date": 1667063704, "price": 110499, "tid": 14346179, "type": "buy"}
{"amount": 0.02912851, "date": 1667063718, "price": 110499, "tid": 14346180, "type": "buy"}
{"amount": 1.16e-05, "date": 1667063718, "price": 110500, "tid": 14346181, "type": "buy"}
{"amount": 0.00026624, "date": 1667063836, "price": 110498.0517, "tid": 14346182, "type": "sell"}
{"amount": 0.00413226, "date": 1667063851, "price": 110500, "tid": 14346183, "type": "buy"}
{"amount": 0.00953003, "date": 1667063851, "price": 110516.01495772, "tid": 14346184, "type": "buy"}
{"amount": 9.159e-05, "date": 1667063908, "price": 110708.19756999, "tid": 14346185, "type": "buy"}
{"amount": 0.00381435, "date": 1667063948, "price": 110525.81156052, "tid": 14346186, "type": "sell"}
{"amount": 0.00146141, "date": 1667064052, "price": 110559.89445146, "tid": 14346187, "type": "sell"}
{"amount": 0.00183386, "date": 1667064188, "price": 110534.34847995, "tid": 14346188, "type": "sell"}
{"amount": 0.0001, "date": 1667064192, "price": 110538, "tid": 14346189, "type": "buy"}
{"amount": 0.000121, "date": 1667064192, "price": 110559.89, "tid": 14346190, "type": "buy"}
{"amount": 0.0172, "date": 1667064237, "price": 110618.17997998, "tid": 14346191, "type": "buy"}
{"amount": 0.00991905, "date": 1667064237, "price": 110632.24, "tid": 14346192, "type": "buy"}
{"amount": 1.211e-05, "date": 1667064237, "price": 110632.24, "tid": 14346193, "type": "buy"}
{"amount": 0.0001872, "date": 1667064349, "price": 110580.02904141, "tid": 14346194, "type": "sell"}
{"amount": 1.75e-05, "date": 1667064388, "price": 110578.34742, "tid": 14346195, "type": "sell"}
{"amount": 0.00045205, "date": 1667064591, "price": 110605.79153323, "tid": 14346196, "type": "buy"}
{"amount": 0.00137461, "date": 1667064669, "price": 110605.33790706, "tid": 14346197, "type": "buy"}
{"amount": 0.01442712, "date": 1667064716, "price": 110568.78637, "tid": 14346198, "type": "buy"}
{"amount": 0.000362, "date": 1667064808, "price": 110387.75666001, "tid": 14346199, "type": "sell"}
{"amount": 6.34e-05, "date": 1667064827, "price": 110391.6212, "tid": 14346200, "type": "sell"}
{"amount": 9.1e-06, "date": 1667064833, "price": 110394.63908778, "tid": 14346201, "type": "sell"}
{"amount": 4.572e-05, "date": 1667064845, "price": 110663.37998999, "tid": 14346202, "type": "buy"}
{"amount": 0.00041233, "date": 1667064913, "price": 110502.23867288, "tid": 14346203, "type": "sell"}
{"amount": 0.0054117, "date": 1667065111, "price": 110593.21550001, "tid": 14346204, "type": "sell"}
{"amount": 0.0206, "date": 1667065143, "price": 110761.97198999, "tid": 14346205, "type": "buy"}
{"amount": 9.029e-05, "date": 1667065143, "price": 110761.972, "tid": 14346206, "type": "buy"}
{"amount": 0.01911, "date": 1667065143, "price": 110792.44250833, "tid": 14346207, "type": "buy"}
{"amount": 0.00533244, "date": 1667065143, "price": 110842.10964999, "tid": 14346208, "type": "buy"}
{"amount": 0.00040519, "date": 1667065154, "price": 110602.69361672, "tid": 14346209, "type": "sell"}
{"amount": 0.00078734, "date": 1667065193, "price": 110615.57000001, "tid": 14346210, "type": "sell"}
{"amount": 0.00010268, "date": 1667065200, "price": 110825.52877, "tid": 14346211, "type": "buy"}
{"amount": 0.00845, "date": 1667065216, "price": 110622.96011429, "tid": 14346212, "type": "sell"}
{"amount": 0.03669, "date": 1667065216, "price": 110622.70159, "tid": 14346213, "type": "sell"}
{"amount": 0.0018866, "date": 1667065281, "price": 110818.38916, "tid": 14346214, "type": "buy"}
{"amount": 0.00836, "date": 1667065398, "price": 110675.62822816, "tid": 14346215, "type": "sell"}
{"amount": 0.00818, "date": 1667065398, "price": 110674.45199226, "tid": 14346216, "type": "sell"}
{"amount": 0.0060194, "date": 1667065398, "price": 110666.24386674, "tid": 14346217, "type": "sell"}
{"amount": 0.00782, "date": 1667065448, "price": 110694.24303472, "tid": 14346218, "type": "sell"}
{"amount": 0.00352739, "date": 1667065448, "price": 110692.67321, "tid": 14346219, "type": "sell"}
{"amount": 0.00824, "date": 1667065448, "price": 110692.6731674, "tid": 14346220, "type": "sell"}
{"amount": 0.00958, "date": 1667065448, "price": 110689.15678889, "tid": 14346221, "type": "sell"}
{"amount": 0.00908, "date": 1667065448, "price": 110688.08070773, "tid": 14346222, "type": "sell"}
{"amount": 0.00687261, "date": 1667065448, "price": 110687.80819366, "tid": 14346223, "type": "sell"}
{"amount": 0.12544, "date": 1667065555, "price": 110700, "tid": 14346224, "type": "buy"}
{"amount": 4.549e-05, "date": 1667065556, "price": 110755.35, "tid": 14346225, "type": "sell"}
{"amount": 0.00284429, "date": 1667065636, "price": 110814.68023, "tid": 14346226, "type": "buy"}
{"amount": 9.034e-05, "date": 1667065745, "price": 110687.45886391, "tid": 14346227, "type": "buy"}
{"amount": 0.13638599, "date": 1667065791, "price": 110700, "tid": 14346228, "type": "buy"}
{"amount": 0.01368266, "date": 1667065800, "price": 110700, "tid": 14346229, "type": "buy"}
{"amount": 0.08532135, "date": 1667065818, "price": 110700, "tid": 14346230, "type": "buy"}
{"amount": 0.0014894, "date": 1667065847, "price": 110700.01001001, "tid": 14346231, "type": "sell"}
{"amount": 4.548e-05, "date": 1667065851, "price": 110846.6, "tid": 14346232, "type": "buy"}
{"amount": 4.292e-05, "date": 1667065851, "price": 110884.155871, "tid": 14346233, "type": "buy"}
{"amount": 0.00013653, "date": 1667065868, "price": 110945.99086, "tid": 14346234, "type": "buy"}
{"amount": 9.07e-05, "date": 1667065892, "price": 110952.51, "tid": 14346235, "type": "buy"}
{"amount": 0.09689392, "date": 1667065892, "price": 110964.31429, "tid": 14346236, "type": "buy"}
{"amount": 0.00023, "date": 1667065908, "price": 110977, "tid": 14346237, "type": "buy"}
{"amount": 0.00067106, "date": 1667065908, "price": 110980, "tid": 14346238, "type": "buy"}
{"amount": 0.00018679, "date": 1667065914, "price": 110980, "tid": 14346239, "type": "buy"}
{"amount": 0.11475273, "date": 1667065944, "price": 110896.02011, "tid": 14346240, "type": "sell"}
{"amount": 0.05, "date": 1667065944, "price": 110896.0201, "tid": 14346241, "type": "sell"}
{"amount": 0.0171, "date": 1667065944, "price": 110777.27322257, "tid": 14346242, "type": "sell"}
{"amount": 0.0169, "date": 1667065944, "price": 110776.27523361, "tid": 14346243, "type": "sell"}
{"amount": 0.00776, "date": 1667065944, "price": 110774.03398713, "tid": 14346244, "type": "sell"}
{"amount": 0.00626, "date": 1667065944, "price": 110773.41675443, "tid": 14346245, "type": "sell"}
{"amount": 0.00626, "date": 1667065944, "price": 110773.07902333, "tid": 14346246, "type": "sell"}
{"amount": 0.01909, "date": 1667065944, "price": 110772.44082801, "tid": 14346247, "type": "sell"}
{"amount": 0.01792, "date": 1667065944, "price": 110770.58680073, "tid": 14346248, "type": "sell"}
{"amount": 0.0195, "date": 1667065944, "price": 110758.07339776, "tid": 14346249, "type": "sell"}
{"amount": 0.15000046, "date": 1667065975, "price": 110674.208, "tid": 14346250, "type": "buy"}
{"amount": 9.05e-05, "date": 1667065986, "price": 110502.2386, "tid": 14346251, "type": "sell"}
{"amount": 7.72e-05, "date": 1667065986, "price": 110433.11013858, "tid": 14346252, "type": "sell"}
{"amount": 0.0206, "date": 1667065993, "price": 110674.20799999, "tid": 14346253, "type": "buy"}
{"amount": 0.00424181, "date": 1667065993, "price": 110674.20799999, "tid": 14346254, "type": "buy"}
{"amount": 0.11471361, "date": 1667066183, "price": 110363.18999, "tid": 14346255, "type": "buy"}
{"amount": 4.6e-07, "date": 1667066183, "price": 110363.19, "tid": 14346256, "type": "buy"}
{"amount": 1.989e-05, "date": 1667066301, "price": 110288.53899688, "tid": 14346257, "type": "sell"}
{"amount": 0.0235, "date": 1667066314, "price": 110388.93, "tid": 14346258, "type": "buy"}
{"amount": 0.00026259, "date": 1667066337, "price": 110436.87, "tid": 14346259, "type": "buy"}
{"amount": 0.00043844, "date": 1667066355, "price": 110436.86999999, "tid": 14346260, "type": "buy"}
{"amount": 0.00090549, "date": 1667066372, "price": 110436.86999999, "tid": 14346261, "type": "buy"}
{"amount": 0.00104506, "date": 1667066474, "price": 110270.79992, "tid": 14346262, "type": "buy"}
{"amount": 0.0017326, "date": 1667066514, "price": 110209.94459, "tid": 14346263, "type": "sell"}
{"amount": 0.0001134, "date": 1667066565, "price": 110213.6237, "tid": 14346264, "type": "sell"}
{"amount": 2.267e-05, "date": 1667066620, "price": 110275.87, "tid": 14346265, "type": "buy"}
{"amount": 0.01878614, "date": 1667066719, "price": 110460.40110059, "tid": 14346266, "type": "buy"}
{"amount": 0.01280985, "date": 1667066740, "price": 110541.87, "tid": 14346267, "type": "buy"}
{"amount": 0.00043033, "date": 1667066747, "price": 110541.86999998, "tid": 14346268, "type": "buy"}
{"amount": 2.667e-05, "date": 1667066821, "price": 110588.79556315, "tid": 14346269, "type": "buy"}
{"amount": 4.522e-05, "date": 1667066973, "price": 110559.49720076, "tid": 14346270, "type": "buy"}
{"amount": 6.006e-05, "date": 1667067000, "price": 110293.83896, "tid": 14346271, "type": "sell"}
{"amount": 2.72e-05, "date": 1667067026, "price": 110300.57255937, "tid": 14346272, "type": "sell"}
{"amount": 7.4e-05, "date": 1667067072, "price": 110312.59345736, "tid": 14346273, "type": "sell"}
{"amount": 0.00181383, "date": 1667067131, "price": 110329.41945368, "tid": 14346274, "type": "sell"}
{"amount": 0.0023951, "date": 1667067425, "price": 110646.67522269, "tid": 14346275, "type": "buy"}
{"amount": 0.00542425, "date": 1667067584, "price": 110614.32565834, "tid": 14346276, "type": "buy"}
{"amount": 0.00037093, "date": 1667067585, "price": 110612.7266649, "tid": 14346277, "type": "buy"}
{"amount": 0.07454498, "date": 1667067615, "price": 110579.14, "tid": 14346278, "type": "buy"}
{"amount": 0.00041936, "date": 1667067756, "price": 110429.83994, "tid": 14346279, "type": "buy"}
{"amount": 0.01176051, "date": 1667067780, "price": 110250.91038125, "tid": 14346280, "type": "sell"}
{"amount": 0.00018122, "date": 1667067794, "price": 110360.04, "tid": 14346281, "type": "buy"}
{"amount": 0.00313949, "date": 1667067797, "price": 110250.91038125, "tid": 14346282, "type": "sell"}
{"amount": 0.00071941, "date": 1667067797, "price": 110249.66985559, "tid": 14346283, "type": "sell"}
{"amount": 9.062e-05, "date": 1667067870, "price": 110343.95469344, "tid": 14346284, "type": "buy"}
{"amount": 0.00016, "date": 1667067902, "price": 110155.80850013, "tid": 14346285, "type": "sell"}
{"amount": 0.02647663, "date": 1667067910, "price": 110158.78287, "tid": 14346286, "type": "sell"}
{"amount": 0.00027192, "date": 1667067964, "price": 110326.31914979, "tid": 14346287, "type": "buy"}
{"amount": 0.00027, "date": 1667067998, "price": 110327.72531, "tid": 14346288, "type": "buy"}
{"amount": 0.00453216, "date": 1667068021, "price": 110322.66508, "tid": 14346289, "type": "buy"}
{"amount": 4.407e-05, "date": 1667068049, "price": 110203.51476488, "tid": 14346290, "type": "sell"}
{"amount": 0.00032913, "date": 1667068122, "price": 110227.60547363, "tid": 14346291, "type": "sell"}
{"amount": 1.657e-05, "date": 1667068132, "price": 110437.23705999, "tid": 14346292, "type": "buy"}
{"amount": 4.527e-05, "date": 1667068165, "price": 110437.23702999, "tid": 14346293, "type": "buy"}
{"amount": 0.01168791, "date": 1667068181, "price": 110437.23700999, "tid": 14346294, "type": "buy"}
{"amount": 0.00032624, "date": 1667068254, "price": 110439.35984967, "tid": 14346295, "type": "buy"}
{"amount": 0.00268467, "date": 1667068306, "price": 110281.72465421, "tid": 14346296, "type": "sell"}
{"amount": 0.00015579, "date": 1667068416, "price": 110290.32545, "tid": 14346297, "type": "sell"}
{"amount": 0.00239013, "date": 1667068482, "price": 110336.77894173, "tid": 14346298, "type": "buy"}
{"amount": 0.0157, "date": 1667068591, "price": 110225.96455001, "tid": 14346299, "type": "sell"}
{"amount": 0.02453679, "date": 1667068591, "price": 110225.96455, "tid": 14346300, "type": "sell"}
{"amount": 0.0476, "date": 1667068591, "price": 110122.15901906, "tid": 14346301, "type": "sell"}
{"amount": 0.00455, "date": 1667068591, "price": 110122.15901905, "tid": 14346302, "type": "sell"}
{"amount": 0.01344, "date": 1667068591, "price": 110120.94085791, "tid": 14346303, "type": "sell"}
{"amount": 0.05, "date": 1667068591, "price": 110120.499, "tid": 14346304, "type": "sell"}
{"amount": 0.09314759, "date": 1667068591, "price": 110120.48901, "tid": 14346305, "type": "sell"}
{"amount": 0.00558, "date": 1667068591, "price": 110119.78558463, "tid": 14346306, "type": "sell"}
{"amount": 0.01317, "date": 1667068591, "price": 110119.49676631, "tid": 14346307, "type": "sell"}
{"amount": 0.00455, "date": 1667068591, "price": 110119.42922009, "tid": 14346308, "type": "sell"}
{"amount": 0.0057, "date": 1667068591, "price": 110118.62798217, "tid": 14346309, "type": "sell"}
{"amount": 0.11467422, "date": 1667068591, "price": 110113, "tid": 14346310, "type": "sell"}
{"amount": 8.662e-05, "date": 1667068599, "price": 110124.80729671, "tid": 14346311, "type": "sell"}
{"amount": 0.004583, "date": 1667068636, "price": 110136.9267, "tid": 14346312, "type": "sell"}
{"amount": 0.00045331, "date": 1667068675, "price": 110297.55459, "tid": 14346313, "type": "buy"}
{"amount": 0.0031, "date": 1667068744, "price": 110166.42576823, "tid": 14346314, "type": "sell"}
{"amount": 0.00368, "date": 1667068744, "price": 110166.02514927, "tid": 14346315, "type": "sell"}
{"amount": 0.00851, "date": 1667068744, "price": 110165.78990209, "tid": 14346316, "type": "sell"}
{"amount": 0.00307, "date": 1667068744, "price": 110165.33338281, "tid": 14346317, "type": "sell"}
{"amount": 0.00323, "date": 1667068744, "price": 110164.86288845, "tid": 14346318, "type": "sell"}
{"amount": 0.00897, "date": 1667068744, "price": 110164.73944191, "tid": 14346319, "type": "sell"}
{"amount": 0.02444, "date": 1667068744, "price": 110162.8884, "tid": 14346320, "type": "sell"}
{"amount": 0.0055962, "date": 1667068862, "price": 110314.12245, "tid": 14346321, "type": "buy"}
{"amount": 0.0002, "date": 1667068904, "price": 110336.77, "tid": 14346322, "type": "buy"}
{"amount": 0.0128844, "date": 1667068904, "price": 110343.54997443, "tid": 14346323, "type": "buy"}
{"amount": 0.0001808, "date": 1667069009, "price": 110250.09130784, "tid": 14346324, "type": "sell"}
{"amount": 9.86e-06, "date": 1667069098, "price": 110521.93761808, "tid": 14346325, "type": "buy"}
{"amount": 0.0135489, "date": 1667069106, "price": 110312.5125, "tid": 14346326, "type": "sell"}
{"amount": 0.0132, "date": 1667069142, "price": 110502.82239297, "tid": 14346327, "type": "buy"}
{"amount": 0.01123376, "date": 1667069142, "price": 110502.82239297, "tid": 14346328, "type": "buy"}
{"amount": 0.00210756, "date": 1667069171, "price": 110326.05086613, "tid": 14346329, "type": "sell"}
{"amount": 9.05e-05, "date": 1667069209, "price": 110486.81026006, "tid": 14346330, "type": "buy"}
{"amount": 0.00032883, "date": 1667069234, "price": 110480.05597, "tid": 14346331, "type": "buy"}
{"amount": 0.0004435, "date": 1667069239, "price": 110312.5125, "tid": 14346332, "type": "sell"}
{"amount": 0.0011776, "date": 1667069321, "price": 110274.85667653, "tid": 14346333, "type": "sell"}
{"amount": 1.077e-05, "date": 1667069326, "price": 110457.25055667, "tid": 14346334, "type": "buy"}
{"amount": 0.0045263, "date": 1667069343, "price": 110274.86676001, "tid": 14346335, "type": "sell"}
{"amount": 0.00856, "date": 1667069345, "price": 110274.86676001, "tid": 14346336, "type": "sell"}
{"amount": 0.01374, "date": 1667069460, "price": 110435.4223229, "tid": 14346337, "type": "buy"}
{"amount": 1.29e-05, "date": 1667069482, "price": 110284.9202, "tid": 14346338, "type": "sell"}
{"amount": 0.0157, "date": 1667069762, "price": 110456.99445999, "tid": 14346339, "type": "buy"}
{"amount": 0.01598654, "date": 1667069762, "price": 110456.99446, "tid": 14346340, "type": "buy"}
{"amount": 0.0047321, "date": 1667069855, "price": 110416.04214999, "tid": 14346341, "type": "buy"}
{"amount": 0.00081327, "date": 1667069858, "price": 110274.87681, "tid": 14346342, "type": "sell"}
{"amount": 0.00072456, "date": 1667069881, "price": 110411.75216416, "tid": 14346343, "type": "buy"}
{"amount": 0.0090526, "date": 1667070084, "price": 110465.48630485, "tid": 14346344, "type": "buy"}
{"amount": 0.00145665, "date": 1667070196, "price": 110345.83630493, "tid": 14346345, "type": "sell"}
{"amount": 0.00088464, "date": 1667070256, "price": 110416.56318434, "tid": 14346346, "type": "buy"}
{"amount": 9.88e-05, "date": 1667070398, "price": 110305.67693, "tid": 14346347, "type": "sell"}
{"amount": 0.00062705, "date": 1667070437, "price": 110469.59728, "tid": 14346348, "type": "buy"}
{"amount": 1.812e-05, "date": 1667070461, "price": 110372.31228994, "tid": 14346349, "type": "buy"}
{"amount": 0.0166, "date": 1667070488, "price": 110422.54180999, "tid": 14346350, "type": "buy"}
{"amount": 0.00855698, "date": 1667070488, "price": 110422.54181, "tid": 14346351, "type": "buy"}
{"amount": 0.002105, "date": 1667070608, "price": 110338.89451001, "tid": 14346352, "type": "sell"}
{"amount": 0.02988, "date": 1667070720, "price": 110431.23167572, "tid": 14346353, "type": "buy"}
{"amount": 0.02406303, "date": 1667070720, "price": 110431.39986253, "tid": 14346354, "type": "buy"}
{"amount": 0.003299, "date": 1667070726, "price": 110291.5193844, "tid": 14346355, "type": "sell"}
{"amount": 0.00481798, "date": 1667070780, "price": 110423.76559997, "tid": 14346356, "type": "buy"}
{"amount": 0.0047869, "date": 1667070808, "price": 110311.63418288, "tid": 14346357, "type": "sell"}
{"amount": 0.00452778, "date": 1667070846, "price": 110429.29999, "tid": 14346358, "type": "buy"}
{"amount": 0.00063671, "date": 1667070848, "price": 110429.29999, "tid": 14346359, "type": "buy"}
{"amount": 0.07889812, "date": 1667070854, "price": 110429.3, "tid": 14346360, "type": "buy"}
{"amount": 0.00049229, "date": 1667070897, "price": 110338.55785778, "tid": 14346361, "type": "sell"}
{"amount": 8.78e-06, "date": 1667070901, "price": 110340.19061296, "tid": 14346362, "type": "sell"}
{"amount": 0.00045275, "date": 1667070926, "price": 110434.29560339, "tid": 14346363, "type": "buy"}
{"amount": 0.09355136, "date": 1667070998, "price": 110390.69, "tid": 14346364, "type": "buy"}
{"amount": 2.146e-05, "date": 1667071023, "price": 110435.05, "tid": 14346365, "type": "buy"}
{"amount": 0.00905509, "date": 1667071059, "price": 110435.05, "tid": 14346366, "type": "buy"}
{"amount": 9.052e-05, "date": 1667071108, "price": 110483.1876, "tid": 14346367, "type": "buy"}
{"amount": 0.00032564, "date": 1667071108, "price": 110486.81, "tid": 14346368, "type": "buy"}
{"amount": 0.00027561, "date": 1667071172, "price": 110399.18111632, "tid": 14346369, "type": "sell"}
{"amount": 0.0013585, "date": 1667071258, "price": 110415.38999, "tid": 14346370, "type": "buy"}
{"amount": 0.00136, "date": 1667071294, "price": 110415.38999, "tid": 14346371, "type": "buy"}
{"amount": 0.00136, "date": 1667071328, "price": 110415.38999, "tid": 14346372, "type": "buy"}
{"amount": 0.00566365, "date": 1667071383, "price": 110387.92358448, "tid": 14346373, "type": "sell"}
{"amount": 0.00090518, "date": 1667071398, "price": 110474.95, "tid": 14346374, "type": "buy"}
{"amount": 0.00226295, "date": 1667071435, "price": 110474.94999, "tid": 14346375, "type": "buy"}
{"amount": 4.39e-05, "date": 1667071579, "price": 110485.37218, "tid": 14346376, "type": "buy"}
{"amount": 0.0002268, "date": 1667071618, "price": 110395.07282658, "tid": 14346377, "type": "sell"}
{"amount": 0.00060961, "date": 1667071642, "price": 110396.67138673, "tid": 14346378, "type": "sell"}
{"amount": 0.00554494, "date": 1667071659, "price": 110486.13980556, "tid": 14346379, "type": "buy"}
{"amount": 0.00047888, "date": 1667071702, "price": 110411.06968094, "tid": 14346380, "type": "sell"}
{"amount": 0.00026516, "date": 1667071714, "price": 110486.81, "tid": 14346381, "type": "buy"}
{"amount": 0.00011442, "date": 1667071714, "price": 110486.81, "tid": 14346382, "type": "buy"}
{"amount": 0.00065073, "date": 1667071714, "price": 110507.22998999, "tid": 14346383, "type": "buy"}
{"amount": 9.049e-05, "date": 1667071741, "price": 110507.22999, "tid": 14346384, "type": "buy"}
{"amount": 0.00275086, "date": 1667071754, "price": 110507.23, "tid": 14346385, "type": "buy"}
{"amount": 0.0022928, "date": 1667071894, "price": 110303.82985522, "tid": 14346386, "type": "sell"}
{"amount": 0.00127, "date": 1667072189, "price": 110379.26650224, "tid": 14346387, "type": "buy"}
{"amount": 0.00104, "date": 1667072219, "price": 110367.76398692, "tid": 14346388, "type": "buy"}
{"amount": 0.0043556, "date": 1667072393, "price": 110277.99116259, "tid": 14346389, "type": "sell"}
{"amount": 7.751e-05, "date": 1667072413, "price": 110277.16249, "tid": 14346390, "type": "sell"}
{"amount": 3.889e-05, "date": 1667072418, "price": 110285.94, "tid": 14346391, "type": "buy"}
{"amount": 0.00719983, "date": 1667072739, "price": 110286.82999, "tid": 14346392, "type": "buy"}
{"amount": 3.499e-05, "date": 1667072751, "price": 110286.83, "tid": 14346393, "type": "buy"}
{"amount": 0.00045336, "date": 1667072778, "price": 110286.83, "tid": 14346394, "type": "buy"}
{"amount": 3.452e-05, "date": 1667072784, "price": 110342.66, "tid": 14346395, "type": "buy"}
{"amount": 0.00716314, "date": 1667072963, "price": 110322.61476, "tid": 14346396, "type": "buy"}
{"amount": 0.00408, "date": 1667073115, "price": 110294.03417285, "tid": 14346397, "type": "buy"}
{"amount": 0.00906536, "date": 1667073135, "price": 110310.01, "tid": 14346398, "type": "buy"}
{"amount": 0.00090832, "date": 1667073208, "price": 110283.61369438, "tid": 14346399, "type": "sell"}
{"amount": 1.757e-05, "date": 1667073442, "price": 110383.72, "tid": 14346400, "type": "buy"}
{"amount": 0.0008827, "date": 1667073502, "price": 110350.01163378, "tid": 14346401, "type": "sell"}
{"amount": 0.01896026, "date": 1667073519, "price": 110350.03547943, "tid": 14346402, "type": "sell"}
{"amount": 0.01696634, "date": 1667073519, "price": 110350.0335, "tid": 14346403, "type": "sell"}
{"amount": 0.00161817, "date": 1667073692, "price": 110420.38, "tid": 14346404, "type": "buy"}
{"amount": 0.00181087, "date": 1667073763, "price": 110443.57999999, "tid": 14346405, "type": "buy"}
{"amount": 0.0007258, "date": 1667073828, "price": 110407.14785112, "tid": 14346406, "type": "sell"}
{"amount": 5.84e-05, "date": 1667073853, "price": 110443.57999, "tid": 14346407, "type": "buy"}
{"amount": 0.0006791, "date": 1667073915, "price": 110439.8065, "tid": 14346408, "type": "buy"}
{"amount": 0.00064722, "date": 1667074040, "price": 110352.34999, "tid": 14346409, "type": "buy"}
{"amount": 0.00238684, "date": 1667074054, "price": 110388.36, "tid": 14346410, "type": "buy"}
{"amount": 0.01805287, "date": 1667074322, "price": 110439.45999, "tid": 14346411, "type": "buy"}
{"amount": 0.0008211, "date": 1667074323, "price": 110355.1753232, "tid": 14346412, "type": "sell"}
{"amount": 0.0013901, "date": 1667074332, "price": 110364.72959259, "tid": 14346413, "type": "sell"}
{"amount": 0.03618658, "date": 1667074399, "price": 110538.20999, "tid": 14346414, "type": "buy"}
{"amount": 0.00101774, "date": 1667074429, "price": 110538.20996999, "tid": 14346415, "type": "buy"}
{"amount": 4.938e-05, "date": 1667074445, "price": 110389.84116546, "tid": 14346416, "type": "sell"}
{"amount": 0.00953308, "date": 1667074447, "price": 110538.20992999, "tid": 14346417, "type": "buy"}
{"amount": 8.95e-06, "date": 1667074455, "price": 110538.20991, "tid": 14346418, "type": "buy"}
{"amount": 9.046e-05, "date": 1667074468, "price": 110538.20991, "tid": 14346419, "type": "buy"}
{"amount": 0.014, "date": 1667074532, "price": 110398.07624708, "tid": 14346420, "type": "sell"}
{"amount": 0.0046313, "date": 1667074532, "price": 110398.07624707, "tid": 14346421, "type": "sell"}
{"amount": 0.0104658, "date": 1667074628, "price": 110421.94397408, "tid": 14346422, "type": "sell"}
{"amount": 6.435e-05, "date": 1667074790, "price": 110431.3988, "tid": 14346423, "type": "sell"}
{"amount": 6.379e-05, "date": 1667074856, "price": 110501.74999, "tid": 14346424, "type": "buy"}
{"amount": 0.00359962, "date": 1667074894, "price": 110501.74, "tid": 14346425, "type": "buy"}
{"amount": 0.08717024, "date": 1667074894, "price": 110529.07, "tid": 14346426, "type": "buy"}
{"amount": 0.08716656, "date": 1667074894, "price": 110533.74, "tid": 14346427, "type": "buy"}
{"amount": 0.019, "date": 1667074894, "price": 110557.58692975, "tid": 14346428, "type": "buy"}
{"amount": 0.06551, "date": 1667074894, "price": 110601.29360023, "tid": 14346429, "type": "buy"}
{"amount": 0.01885333, "date": 1667074894, "price": 110602.16378416, "tid": 14346430, "type": "buy"}
{"amount": 0.00035932, "date": 1667075182, "price": 110498.45596557, "tid": 14346431, "type": "sell"}
{"amount": 0.00090445, "date": 1667075238, "price": 110564.43, "tid": 14346432, "type": "buy"}
{"amount": 0.000123, "date": 1667075265, "price": 110564.43, "tid": 14346433, "type": "buy"}
{"amount": 0.01356891, "date": 1667075331, "price": 110546.79, "tid": 14346434, "type": "buy"}
{"amount": 0.00012664, "date": 1667075417, "price": 110543.23, "tid": 14346435, "type": "buy"}
{"amount": 0.00011082, "date": 1667075445, "price": 110547.38, "tid": 14346436, "type": "buy"}
{"amount": 0.00022615, "date": 1667075487, "price": 110542.31, "tid": 14346437, "type": "buy"}
{"amount": 0.00046, "date": 1667075541, "price": 110538.25676, "tid": 14346438, "type": "sell"}
{"amount": 1.03e-05, "date": 1667075721, "price": 110573.93, "tid": 14346439, "type": "buy"}
{"amount": 0.00231538, "date": 1667076004, "price": 110515.31999, "tid": 14346440, "type": "buy"}
{"amount": 0.01578165, "date": 1667076004, "price": 110515.32, "tid": 14346441, "type": "buy"}
{"amount": 0.00027, "date": 1667076168, "price": 110460.4115, "tid": 14346442, "type": "sell"}
{"amount": 0.00090467, "date": 1667076185, "price": 110536.7, "tid": 14346443, "type": "buy"}
{"amount": 0.00869, "date": 1667076235, "price": 110473.45489949, "tid": 14346444, "type": "sell"}
{"amount": 0.00761169, "date": 1667076235, "price": 110472.33694, "tid": 14346445, "type": "sell"}
{"amount": 0.00443959, "date": 1667076235, "price": 110472.33689309, "tid": 14346446, "type": "sell"}
{"amount": 0.00027, "date": 1667076326, "price": 110489.26605661, "tid": 14346447, "type": "sell"}
{"amount": 0.00452399, "date": 1667076376, "price": 110521.89, "tid": 14346448, "type": "buy"}
{"amount": 2.714e-05, "date": 1667076394, "price": 110521.89, "tid": 14346449, "type": "buy"}
{"amount": 0.0054288, "date": 1667076635, "price": 110540.00366234, "tid": 14346450, "type": "sell"}
{"amount": 2.015e-05, "date": 1667076697, "price": 110546.92201023, "tid": 14346451, "type": "sell"}
{"amount": 9.041e-05, "date": 1667076727, "price": 110602.16, "tid": 14346452, "type": "buy"}
{"amount": 5.659e-05, "date": 1667076753, "price": 110602.16, "tid": 14346453, "type": "buy"}
{"amount": 0.0003515, "date": 1667076855, "price": 110602.16, "tid": 14346454, "type": "buy"}
{"amount": 9.485e-05, "date": 1667076855, "price": 110735.39974999, "tid": 14346455, "type": "buy"}
{"amount": 0.0034914, "date": 1667076942, "price": 110588.58, "tid": 14346456, "type": "buy"}
{"amount": 0.000911, "date": 1667076968, "price": 110421.6116, "tid": 14346457, "type": "sell"}
{"amount": 1.044e-05, "date": 1667076989, "price": 110421.7147, "tid": 14346458, "type": "sell"}
{"amount": 1.968e-05, "date": 1667077004, "price": 110426.29785111, "tid": 14346459, "type": "sell"}
{"amount": 6.197e-05, "date": 1667077044, "price": 110531.79999999, "tid": 14346460, "type": "buy"}
{"amount": 1.09e-05, "date": 1667077111, "price": 110449.59266357, "tid": 14346461, "type": "sell"}
{"amount": 9.04e-06, "date": 1667077169, "price": 110522.2, "tid": 14346462, "type": "buy"}
{"amount": 9.048e-05, "date": 1667077312, "price": 110518.16, "tid": 14346463, "type": "buy"}
{"amount": 0.0082, "date": 1667077444, "price": 110513.03183302, "tid": 14346464, "type": "sell"}
{"amount": 0.00683, "date": 1667077444, "price": 110510.4720642, "tid": 14346465, "type": "sell"}
{"amount": 0.01895, "date": 1667077444, "price": 110510.30203406, "tid": 14346466, "type": "sell"}
{"amount": 0.00676, "date": 1667077444, "price": 110509.38244609, "tid": 14346467, "type": "sell"}
{"amount": 0.00341454, "date": 1667077444, "price": 110493.32103, "tid": 14346468, "type": "sell"}
{"amount": 0.0201, "date": 1667077444, "price": 110485.56711687, "tid": 14346469, "type": "sell"}
{"amount": 0.0172, "date": 1667077444, "price": 110485.07073619, "tid": 14346470, "type": "sell"}
{"amount": 0.01854536, "date": 1667077444, "price": 110406, "tid": 14346471, "type": "sell"}
{"amount": 0.003, "date": 1667077452, "price": 110488.68427197, "tid": 14346472, "type": "sell"}
{"amount": 2.361e-05, "date": 1667077482, "price": 110522.2, "tid": 14346473, "type": "buy"}
{"amount": 0.0006031, "date": 1667077514, "price": 110488.68432, "tid": 14346474, "type": "sell"}
{"amount": 0.00183742, "date": 1667077556, "price": 110488.68432, "tid": 14346475, "type": "sell"}
{"amount": 0.00513, "date": 1667077556, "price": 110379.8321459, "tid": 14346476, "type": "sell"}
{"amount": 0.00303258, "date": 1667077556, "price": 110379.28944696, "tid": 14346477, "type": "sell"}
{"amount": 5.529e-05, "date": 1667077567, "price": 110522.19999999, "tid": 14346478, "type": "buy"}
{"amount": 0.0037065, "date": 1667077622, "price": 110390.26221394, "tid": 14346479, "type": "sell"}
{"amount": 0.02275305, "date": 1667077929, "price": 110522.19999999, "tid": 14346480, "type": "buy"}
{"amount": 0.0235, "date": 1667077940, "price": 110522.19999999, "tid": 14346481, "type": "buy"}
{"amount": 1.137e-05, "date": 1667077940, "price": 110522.2, "tid": 14346482, "type": "buy"}
{"amount": 0.00196502, "date": 1667078287, "price": 110522.2, "tid": 14346483, "type": "buy"}
{"amount": 0.0221, "date": 1667078287, "price": 110681.87999999, "tid": 14346484, "type": "buy"}
{"amount": 0.054, "date": 1667078287, "price": 110715.13999999, "tid": 14346485, "type": "buy"}
{"amount": 0.05742786, "date": 1667078287, "price": 110715.14, "tid": 14346486, "type": "buy"}
{"amount": 0.00191479, "date": 1667078363, "price": 110711.56, "tid": 14346487, "type": "buy"}
{"amount": 9.032e-05, "date": 1667078573, "price": 110711.56, "tid": 14346488, "type": "buy"}
{"amount": 9.1e-05, "date": 1667078619, "price": 110562.72151259, "tid": 14346489, "type": "sell"}
{"amount": 0.00135574, "date": 1667078623, "price": 110640.43, "tid": 14346490, "type": "buy"}
{"amount": 0.0004696, "date": 1667078641, "price": 110570.19818038, "tid": 14346491, "type": "sell"}
{"amount": 1.807e-05, "date": 1667078654, "price": 110640.43, "tid": 14346492, "type": "buy"}
{"amount": 0.0001441, "date": 1667078659, "price": 110574.66620001, "tid": 14346493, "type": "sell"}
{"amount": 0.00018076, "date": 1667078707, "price": 110640.43, "tid": 14346494, "type": "buy"}
{"amount": 0.0003, "date": 1667078754, "price": 110640.43, "tid": 14346495, "type": "buy"}
{"amount": 6.149e-05, "date": 1667078754, "price": 110697.70951148, "tid": 14346496, "type": "buy"}
{"amount": 0.00092908, "date": 1667078838, "price": 110646.03, "tid": 14346497, "type": "buy"}
{"amount": 1.707e-05, "date": 1667078941, "price": 110697.7, "tid": 14346498, "type": "buy"}
{"amount": 1.675e-05, "date": 1667078942, "price": 110697.7, "tid": 14346499, "type": "buy"}
{"amount": 4e-05, "date": 1667078942, "price": 110711.56, "tid": 14346500, "type": "buy"}
{"amount": 0.0001441, "date": 1667078942, "price": 110800, "tid": 14346501, "type": "buy"}
{"amount": 0.00956553, "date": 1667078942, "price": 110821.97113626, "tid": 14346502, "type": "buy"}
{"amount": 9.036e-05, "date": 1667079116, "price": 110604.5681, "tid": 14346503, "type": "sell"}
{"amount": 0.00090412, "date": 1667079275, "price": 110604.58, "tid": 14346504, "type": "buy"}
{"amount": 0.0011302, "date": 1667079427, "price": 110598.23179548, "tid": 14346505, "type": "sell"}
{"amount": 0.001, "date": 1667079835, "price": 110655.29, "tid": 14346506, "type": "buy"}
{"amount": 0.00173497, "date": 1667079835, "price": 110863.04205312, "tid": 14346507, "type": "buy"}
{"amount": 3.58e-05, "date": 1667079845, "price": 110648.9436, "tid": 14346508, "type": "sell"}
{"amount": 0.00307295, "date": 1667080140, "price": 110655.4886058, "tid": 14346509, "type": "sell"}
{"amount": 0.0014917, "date": 1667080140, "price": 110655.4886058, "tid": 14346510, "type": "sell"}
{"amount": 0.00230471, "date": 1667080251, "price": 110612.4934, "tid": 14346511, "type": "sell"}
{"amount": 0.0045, "date": 1667080257, "price": 110643.44432879, "tid": 14346512, "type": "sell"}
{"amount": 6.33e-05, "date": 1667080257, "price": 110642.24945945, "tid": 14346513, "type": "sell"}
{"amount": 0.00180947, "date": 1667080434, "price": 110529.43, "tid": 14346514, "type": "buy"}
{"amount": 0.03051494, "date": 1667080437, "price": 110529.43, "tid": 14346515, "type": "buy"}
{"amount": 0.00039563, "date": 1667080509, "price": 110656.70776672, "tid": 14346516, "type": "buy"}
{"amount": 0.007141, "date": 1667080510, "price": 110446.66601, "tid": 14346517, "type": "sell"}
{"amount": 4.099e-05, "date": 1667080603, "price": 110514.68, "tid": 14346518, "type": "buy"}
{"amount": 0.00072388, "date": 1667080638, "price": 110514.68, "tid": 14346519, "type": "buy"}
{"amount": 0.0055433, "date": 1667080651, "price": 110514.66515, "tid": 14346520, "type": "sell"}
{"amount": 0.00555456, "date": 1667080651, "price": 110514.6552, "tid": 14346521, "type": "sell"}
{"amount": 0.04524285, "date": 1667080652, "price": 110514.68, "tid": 14346522, "type": "buy"}
{"amount": 1.08e-05, "date": 1667080809, "price": 110432.14862099, "tid": 14346523, "type": "sell"}
{"amount": 0.00958307, "date": 1667080821, "price": 110453.72, "tid": 14346524, "type": "buy"}
{"amount": 9.05e-06, "date": 1667080856, "price": 110453.71999, "tid": 14346525, "type": "buy"}
{"amount": 0.00436, "date": 1667080899, "price": 110445.14379949, "tid": 14346526, "type": "sell"}
{"amount": 0.0026303, "date": 1667080899, "price": 110444.38681599, "tid": 14346527, "type": "sell"}
{"amount": 0.00081415, "date": 1667080914, "price": 110654.21194, "tid": 14346528, "type": "buy"}
{"amount": 2.715e-05, "date": 1667081097, "price": 110490.47, "tid": 14346529, "type": "buy"}
{"amount": 7.24e-06, "date": 1667081150, "price": 110380.09, "tid": 14346530, "type": "buy"}
{"amount": 1.93e-05, "date": 1667081162, "price": 110357.12361004, "tid": 14346531, "type": "sell"}
{"amount": 5.204e-05, "date": 1667081262, "price": 110318.2712, "tid": 14346532, "type": "sell"}
{"amount": 9.61e-06, "date": 1667081311, "price": 110248.19, "tid": 14346533, "type": "buy"}
{"amount": 8.716e-05, "date": 1667081387, "price": 110247.70999, "tid": 14346534, "type": "buy"}
{"amount": 0.10057796, "date": 1667081518, "price": 110206.97, "tid": 14346535, "type": "buy"}
{"amount": 1.813e-05, "date": 1667081704, "price": 110288.65866944, "tid": 14346536, "type": "buy"}
{"amount": 0.02017315, "date": 1667081814, "price": 110189.78, "tid": 14346537, "type": "buy"}
{"amount": 0.00045388, "date": 1667081819, "price": 110160.54, "tid": 14346538, "type": "buy"}
{"amount": 0.00539973, "date": 1667081996, "price": 110120.96231, "tid": 14346539, "type": "sell"}
{"amount": 0.05, "date": 1667081996, "price": 110120.9523, "tid": 14346540, "type": "sell"}
{"amount": 0.014, "date": 1667081996, "price": 110113.8024641, "tid": 14346541, "type": "sell"}
{"amount": 0.0234, "date": 1667081996, "price": 110112.14437606, "tid": 14346542, "type": "sell"}
{"amount": 0.00418, "date": 1667081996, "price": 110036.58285395, "tid": 14346543, "type": "sell"}
{"amount": 0.00502, "date": 1667081996, "price": 110036.57586641, "tid": 14346544, "type": "sell"}
{"amount": 0.00418, "date": 1667081996, "price": 110035.21795447, "tid": 14346545, "type": "sell"}
{"amount": 0.00441, "date": 1667081996, "price": 110034.43302081, "tid": 14346546, "type": "sell"}
{"amount": 0.01197, "date": 1667081996, "price": 110033.91594285, "tid": 14346547, "type": "sell"}
{"amount": 0.036, "date": 1667081996, "price": 110024.02959353, "tid": 14346548, "type": "sell"}
{"amount": 0.09090909, "date": 1667081996, "price": 110000, "tid": 14346549, "type": "sell"}
{"amount": 0.1786, "date": 1667081996, "price": 109987, "tid": 14346550, "type": "sell"}
{"amount": 0.07193118, "date": 1667081996, "price": 109853, "tid": 14346551, "type": "sell"}
{"amount": 0.002, "date": 1667082096, "price": 110120.9924, "tid": 14346552, "type": "sell"}
{"amount": 0.00090489, "date": 1667082106, "price": 110120.9924, "tid": 14346553, "type": "sell"}
{"amount": 0.00024869, "date": 1667082194, "price": 110136.75, "tid": 14346554, "type": "buy"}
{"amount": 0.0070398, "date": 1667082217, "price": 110013.95999, "tid": 14346555, "type": "buy"}
{"amount": 0.00989677, "date": 1667082217, "price": 110013.96, "tid": 14346556, "type": "buy"}
{"amount": 7.935e-05, "date": 1667082254, "price": 110013.96, "tid": 14346557, "type": "buy"}
{"amount": 1.871e-05, "date": 1667082311, "price": 110060.63, "tid": 14346558, "type": "buy"}
{"amount": 0.000201, "date": 1667082424, "price": 109987.9979, "tid": 14346559, "type": "sell"}
{"amount": 0.00045429, "date": 1667082424, "price": 110060.63, "tid": 14346560, "type": "buy"}
{"amount": 0.14832514, "date": 1667082496, "price": 110060.63, "tid": 14346561, "type": "buy"}
{"amount": 0.0008, "date": 1667082518, "price": 110060.63, "tid": 14346562, "type": "buy"}
{"amount": 9.08e-06, "date": 1667082518, "price": 110174.5667, "tid": 14346563, "type": "buy"}
{"amount": 0.00055313, "date": 1667082518, "price": 110191.9335561, "tid": 14346564, "type": "buy"}
{"amount": 0.00018162, "date": 1667082534, "price": 110117.13, "tid": 14346565, "type": "buy"}
{"amount": 0.00045429, "date": 1667082592, "price": 110061.46, "tid": 14346566, "type": "buy"}
{"amount": 0.00454291, "date": 1667082722, "price": 110061.46, "tid": 14346567, "type": "buy"}
{"amount": 0.15061543, "date": 1667082723, "price": 110061.46, "tid": 14346568, "type": "buy"}
{"amount": 0.00087048, "date": 1667082753, "price": 110027.06255001, "tid": 14346569, "type": "sell"}
{"amount": 0.0003695, "date": 1667082805, "price": 110029.7255, "tid": 14346570, "type": "sell"}
{"amount": 0.00181613, "date": 1667082934, "price": 110123.67, "tid": 14346571, "type": "buy"}
{"amount": 0.0001, "date": 1667082995, "price": 110044.44727627, "tid": 14346572, "type": "sell"}
{"amount": 0.00090821, "date": 1667083230, "price": 110106.53, "tid": 14346573, "type": "buy"}
{"amount": 5.726e-05, "date": 1667083235, "price": 110106.53, "tid": 14346574, "type": "buy"}
{"amount": 8.44e-06, "date": 1667083285, "price": 110080.32, "tid": 14346575, "type": "buy"}
{"amount": 9.064e-05, "date": 1667083404, "price": 110075.76105, "tid": 14346576, "type": "sell"}
{"amount": 2.56e-05, "date": 1667083406, "price": 110115.90090154, "tid": 14346577, "type": "buy"}
{"amount": 0.09945, "date": 1667083600, "price": 110010.23, "tid": 14346578, "type": "buy"}
{"amount": 7.48e-05, "date": 1667083609, "price": 110028.71914078, "tid": 14346579, "type": "sell"}
{"amount": 2.503e-05, "date": 1667083781, "price": 109853.01, "tid": 14346580, "type": "buy"}
{"amount": 0.00045515, "date": 1667083817, "price": 109853.01, "tid": 14346581, "type": "buy"}
{"amount": 0.00018206, "date": 1667083898, "price": 109853.01, "tid": 14346582, "type": "buy"}
{"amount": 0.0044315, "date": 1667083921, "price": 109853.00005, "tid": 14346583, "type": "sell"}
{"amount": 9.11e-06, "date": 1667083921, "price": 109853, "tid": 14346584, "type": "sell"}
{"amount": 0.0183, "date": 1667083921, "price": 109832.64630591, "tid": 14346585, "type": "sell"}
{"amount": 0.00912, "date": 1667083921, "price": 109782.8816769, "tid": 14346586, "type": "sell"}
{"amount": 0.00318, "date": 1667083921, "price": 109782.51832482, "tid": 14346587, "type": "sell"}
{"amount": 0.00378, "date": 1667083921, "price": 109782.07112226, "tid": 14346588, "type": "sell"}
{"amount": 0.00336, "date": 1667083921, "price": 109782.01755112, "tid": 14346589, "type": "sell"}
{"amount": 0.00902, "date": 1667083921, "price": 109781.21398402, "tid": 14346590, "type": "sell"}
{"amount": 0.00325, "date": 1667083921, "price": 109780.66196836, "tid": 14346591, "type": "sell"}
{"amount": 0.00412, "date": 1667083921, "price": 109780.43137954, "tid": 14346592, "type": "sell"}
{"amount": 0.0436, "date": 1667083921, "price": 109689.00000001, "tid": 14346593, "type": "sell"}
{"amount": 0.07748672, "date": 1667083921, "price": 109689, "tid": 14346594, "type": "sell"}
{"amount": 0.00013599, "date": 1667083949, "price": 109853.01, "tid": 14346595, "type": "buy"}
{"amount": 0.0131, "date": 1667084027, "price": 109854.98999999, "tid": 14346596, "type": "buy"}
{"amount": 0.07792909, "date": 1667084027, "price": 109854.99, "tid": 14346597, "type": "buy"}
{"amount": 0.00459, "date": 1667084159, "price": 109711.2745, "tid": 14346598, "type": "sell"}
{"amount": 0.0128, "date": 1667084178, "price": 109867.77103159, "tid": 14346599, "type": "buy"}
{"amount": 0.0076, "date": 1667084178, "price": 109868.03575772, "tid": 14346600, "type": "buy"}
{"amount": 5.764e-05, "date": 1667084192, "price": 109699.44052001, "tid": 14346601, "type": "sell"}
{"amount": 0.00211, "date": 1667084221, "price": 109728.0088373, "tid": 14346602, "type": "sell"}
{"amount": 0.0003868, "date": 1667084221, "price": 109726.16647, "tid": 14346603, "type": "sell"}
{"amount": 4.33e-05, "date": 1667084233, "price": 109912.83293, "tid": 14346604, "type": "buy"}
{"amount": 2.601e-05, "date": 1667084265, "price": 109938.99999, "tid": 14346605, "type": "buy"}
{"amount": 0.01, "date": 1667084288, "price": 109730.02970001, "tid": 14346606, "type": "sell"}
{"amount": 0.01525972, "date": 1667084343, "price": 109936.37698999, "tid": 14346607, "type": "buy"}
{"amount": 0.00064859, "date": 1667084466, "price": 109761.46870001, "tid": 14346608, "type": "sell"}
{"amount": 2.346e-05, "date": 1667084537, "price": 109955.18, "tid": 14346609, "type": "sell"}
{"amount": 0.00433654, "date": 1667084537, "price": 109805.05, "tid": 14346610, "type": "sell"}
{"amount": 1.792e-05, "date": 1667084589, "price": 109805.02000001, "tid": 14346611, "type": "sell"}
{"amount": 0.0001, "date": 1667084605, "price": 109811.19205767, "tid": 14346612, "type": "sell"}
{"amount": 3.537e-05, "date": 1667084693, "price": 109963.1275476, "tid": 14346613, "type": "buy"}
{"amount": 1.7e-05, "date": 1667084802, "price": 109954.47908304, "tid": 14346614, "type": "buy"}
{"amount": 9.106e-05, "date": 1667084868, "price": 109926.91991999, "tid": 14346615, "type": "buy"}
{"amount": 0.0005953, "date": 1667084876, "price": 109841.05259001, "tid": 14346616, "type": "sell"}
{"amount": 0.00031722, "date": 1667084900, "price": 109897.19999, "tid": 14346617, "type": "buy"}
{"amount": 0.0178816, "date": 1667084900, "price": 109897.2, "tid": 14346618, "type": "buy"}
{"amount": 0.00012713, "date": 1667084917, "price": 109887.46, "tid": 14346619, "type": "buy"}
{"amount": 8.17e-05, "date": 1667085068, "price": 109911.05328252, "tid": 14346620, "type": "buy"}
{"amount": 0.0003616, "date": 1667085141, "price": 109927.44, "tid": 14346621, "type": "buy"}
{"amount": 2.553e-05, "date": 1667085400, "price": 110035.3885639, "tid": 14346622, "type": "buy"}
{"amount": 0.0162, "date": 1667085447, "price": 110091.91317694, "tid": 14346623, "type": "buy"}
{"amount": 0.00196638, "date": 1667085447, "price": 110106.03, "tid": 14346624, "type": "buy"}
{"amount": 0.0175, "date": 1667085480, "price": 109882.94380001, "tid": 14346625, "type": "sell"}
{"amount": 0.05, "date": 1667085480, "price": 109882.9438, "tid": 14346626, "type": "sell"}
{"amount": 0.0194, "date": 1667085480, "price": 109882.93376001, "tid": 14346627, "type": "sell"}
{"amount": 0.0131, "date": 1667085480, "price": 109882.93376, "tid": 14346628, "type": "sell"}
{"amount": 0.01594971, "date": 1667085659, "price": 110097.68718296, "tid": 14346629, "type": "buy"}
{"amount": 0.0223, "date": 1667085736, "price": 109904.06120001, "tid": 14346630, "type": "sell"}
{"amount": 0.0294024, "date": 1667085736, "price": 109904.0612, "tid": 14346631, "type": "sell"}
{"amount": 5.259e-05, "date": 1667085751, "price": 110095.43999999, "tid": 14346632, "type": "buy"}
{"amount": 5.965e-05, "date": 1667085760, "price": 109904.9123, "tid": 14346633, "type": "sell"}
{"amount": 0.00013351, "date": 1667086163, "price": 110108.63, "tid": 14346634, "type": "buy"}
{"amount": 0.00205, "date": 1667086252, "price": 109966.10170618, "tid": 14346635, "type": "sell"}
{"amount": 0.0005624, "date": 1667086252, "price": 109964.94177454, "tid": 14346636, "type": "sell"}
{"amount": 1.362e-05, "date": 1667086363, "price": 110110.64, "tid": 14346637, "type": "buy"}
{"amount": 0.00188819, "date": 1667086399, "price": 110110.64, "tid": 14346638, "type": "buy"}
{"amount": 0.0008174, "date": 1667086584, "price": 110003.12201, "tid": 14346639, "type": "sell"}
{"amount": 0.0191, "date": 1667086620, "price": 110177.57992999, "tid": 14346640, "type": "buy"}
{"amount": 0.00081683, "date": 1667086620, "price": 110177.57993, "tid": 14346641, "type": "buy"}
{"amount": 0.00188363, "date": 1667086620, "price": 110188.78, "tid": 14346642, "type": "buy"}
{"amount": 0.00043477, "date": 1667086648, "price": 110010.54505184, "tid": 14346643, "type": "sell"}
{"amount": 1.815e-05, "date": 1667086667, "price": 110188.77999999, "tid": 14346644, "type": "buy"}
{"amount": 0.0040839, "date": 1667086685, "price": 110188.77999999, "tid": 14346645, "type": "buy"}
{"amount": 9.074e-05, "date": 1667086795, "price": 110201.68999999, "tid": 14346646, "type": "buy"}
{"amount": 0.0004891, "date": 1667086802, "price": 110201.68999999, "tid": 14346647, "type": "buy"}
{"amount": 0.0001968, "date": 1667086932, "price": 110045.592, "tid": 14346648, "type": "sell"}
{"amount": 0.00043072, "date": 1667087073, "price": 110256.80999999, "tid": 14346649, "type": "buy"}
{"amount": 0.00305539, "date": 1667087088, "price": 110068.83016998, "tid": 14346650, "type": "sell"}
{"amount": 2.557e-05, "date": 1667087187, "price": 110256.79999999, "tid": 14346651, "type": "buy"}
{"amount": 0.00090697, "date": 1667087293, "price": 110256.8, "tid": 14346652, "type": "buy"}
{"amount": 0.01411409, "date": 1667087313, "price": 110256.79999999, "tid": 14346653, "type": "buy"}
{"amount": 1.351e-05, "date": 1667087327, "price": 110256.8, "tid": 14346654, "type": "buy"}
{"amount": 0.00107952, "date": 1667087332, "price": 110256.8, "tid": 14346655, "type": "buy"}
{"amount": 0.01962753, "date": 1667087332, "price": 110274.75999999, "tid": 14346656, "type": "buy"}
{"amount": 0.09932196, "date": 1667087339, "price": 110274.76, "tid": 14346657, "type": "buy"}
{"amount": 9.06e-06, "date": 1667087362, "price": 110285.16, "tid": 14346658, "type": "buy"}
{"amount": 0.00362696, "date": 1667087362, "price": 110285.16, "tid": 14346659, "type": "buy"}
{"amount": 0.00181241, "date": 1667087538, "price": 110350.3, "tid": 14346660, "type": "buy"}
{"amount": 1.39e-05, "date": 1667087563, "price": 110130.24689502, "tid": 14346661, "type": "sell"}
{"amount": 2.538e-05, "date": 1667087586, "price": 110126.92061685, "tid": 14346662, "type": "sell"}
{"amount": 3.156e-05, "date": 1667087732, "price": 110153.55394033, "tid": 14346663, "type": "sell"}
{"amount": 9.124e-05, "date": 1667087763, "price": 110356.80230325, "tid": 14346664, "type": "buy"}
{"amount": 0.00537, "date": 1667087833, "price": 110165.56183001, "tid": 14346665, "type": "sell"}
{"amount": 0.00010394, "date": 1667087858, "price": 110350.46, "tid": 14346666, "type": "buy"}
{"amount": 0.002, "date": 1667087859, "price": 110177.30323001, "tid": 14346667, "type": "sell"}
{"amount": 8.155e-05, "date": 1667087933, "price": 110348.67306979, "tid": 14346668, "type": "buy"}
{"amount": 0.0001251, "date": 1667087972, "price": 110181.35108024, "tid": 14346669, "type": "sell"}
{"amount": 0.00016682, "date": 1667088035, "price": 110188.0288393, "tid": 14346670, "type": "sell"}
{"amount": 5.971e-05, "date": 1667088200, "price": 110209.68280001, "tid": 14346671, "type": "sell"}
{"amount": 0.00284533, "date": 1667088211, "price": 110209.69290001, "tid": 14346672, "type": "sell"}
{"amount": 0.0012009, "date": 1667088381, "price": 110222.0579, "tid": 14346673, "type": "sell"}
{"amount": 9.058e-05, "date": 1667088480, "price": 110395.49, "tid": 14346674, "type": "buy"}
{"amount": 0.00244555, "date": 1667088559, "price": 110404.23999999, "tid": 14346675, "type": "buy"}
{"amount": 0.014, "date": 1667088604, "price": 110357.17999999, "tid": 14346676, "type": "buy"}
{"amount": 0.02991893, "date": 1667088604, "price": 110357.18, "tid": 14346677, "type": "buy"}
{"amount": 0.00044405, "date": 1667088608, "price": 110357.18, "tid": 14346678, "type": "buy"}
{"amount": 0.00010191, "date": 1667088666, "price": 110222.42021, "tid": 14346679, "type": "sell"}
{"amount": 2.328e-05, "date": 1667088695, "price": 110368.65044, "tid": 14346680, "type": "buy"}
{"amount": 0.00453292, "date": 1667088764, "price": 110303.96827852, "tid": 14346681, "type": "buy"}
{"amount": 0.00010223, "date": 1667088904, "price": 110246.73667177, "tid": 14346682, "type": "buy"}
{"amount": 5.46e-05, "date": 1667088916, "price": 110241.01100776, "tid": 14346683, "type": "buy"}
{"amount": 0.00136439, "date": 1667088924, "price": 110238.97326612, "tid": 14346684, "type": "buy"}
{"amount": 0.00095236, "date": 1667088957, "price": 110251.47753, "tid": 14346685, "type": "buy"}
{"amount": 9.069e-05, "date": 1667088969, "price": 110261.50885591, "tid": 14346686, "type": "buy"}
{"amount": 0.0004535, "date": 1667089060, "price": 110076.05772164, "tid": 14346687, "type": "sell"}
{"amount": 5.541e-05, "date": 1667089067, "price": 110263.54030924, "tid": 14346688, "type": "buy"}
{"amount": 0.00045379, "date": 1667089376, "price": 109938.96260747, "tid": 14346689, "type": "sell"}
{"amount": 0.00024518, "date": 1667089398, "price": 110119.60182879, "tid": 14346690, "type": "buy"}
{"amount": 0.00032653, "date": 1667089500, "price": 110065.03, "tid": 14346691, "type": "buy"}
{"amount": 0.0005682, "date": 1667089646, "price": 109857.27000001, "tid": 14346692, "type": "sell"}
{"amount": 0.00014751, "date": 1667089663, "price": 109952.95, "tid": 14346693, "type": "buy"}
{"amount": 0.00136273, "date": 1667089744, "price": 109933.49196781, "tid": 14346694, "type": "buy"}
{"amount": 2.253e-05, "date": 1667089816, "price": 109952.95, "tid": 14346695, "type": "sell"}
{"amount": 2.237e-05, "date": 1667089938, "price": 109952.96, "tid": 14346696, "type": "buy"}
{"amount": 0.00029324, "date": 1667089979, "price": 109952.95, "tid": 14346697, "type": "sell"}
{"amount": 0.00128116, "date": 1667089979, "price": 109872.80236441, "tid": 14346698, "type": "sell"}
{"amount": 0.00049486, "date": 1667090067, "price": 109776.4778, "tid": 14346699, "type": "sell"}
{"amount": 0.03915441, "date": 1667090107, "price": 109848.92, "tid": 14346700, "type": "buy"}
{"amount": 0.0031498, "date": 1667090141, "price": 109784.66430001, "tid": 14346701, "type": "sell"}
{"amount": 0.00064269, "date": 1667090220, "price": 109785.87040001, "tid": 14346702, "type": "sell"}
{"amount": 0.0004065, "date": 1667090300, "price": 109813.09, "tid": 14346703, "type": "buy"}
{"amount": 0.00154808, "date": 1667090337, "price": 109813.09, "tid": 14346704, "type": "buy"}
{"amount": 0.00069337, "date": 1667090496, "price": 109818.30318625, "tid": 14346705, "type": "sell"}
{"amount": 0.02731001, "date": 1667090530, "price": 109849.83, "tid": 14346706, "type": "buy"}
{"amount": 1.6e-05, "date": 1667090578, "price": 109793.45981861, "tid": 14346707, "type": "sell"}
{"amount": 0.00142335, "date": 1667090668, "price": 109853.04, "tid": 14346708, "type": "buy"}
{"amount": 4.551e-05, "date": 1667090791, "price": 109853.04, "tid": 14346709, "type": "buy"}
{"amount": 0.0003581, "date": 1667090882, "price": 109835.34453959, "tid": 14346710, "type": "sell"}
{"amount": 0.00909767, "date": 1667090890, "price": 109918.23, "tid": 14346711, "type": "buy"}
{"amount": 0.00292374, "date": 1667091022, "price": 109910.32984487, "tid": 14346712, "type": "buy"}
{"amount": 0.00059049, "date": 1667091064, "price": 109824.32127, "tid": 14346713, "type": "sell"}
{"amount": 0.02686964, "date": 1667091072, "price": 109824.32127, "tid": 14346714, "type": "sell"}
{"amount": 0.0005463, "date": 1667091215, "price": 109775.23695, "tid": 14346715, "type": "sell"}
{"amount": 0.0003522, "date": 1667091302, "price": 109823, "tid": 14346716, "type": "buy"}
{"amount": 3.642e-05, "date": 1667091302, "price": 109823, "tid": 14346717, "type": "buy"}
{"amount": 0.00267, "date": 1667091309, "price": 109790.4681413, "tid": 14346718, "type": "sell"}
{"amount": 0.00264, "date": 1667091309, "price": 109789.2336759, "tid": 14346719, "type": "sell"}
{"amount": 0.00232, "date": 1667091309, "price": 109788.94485758, "tid": 14346720, "type": "sell"}
{"amount": 0.00234, "date": 1667091309, "price": 109788.75852318, "tid": 14346721, "type": "sell"}
{"amount": 0.00012101, "date": 1667091309, "price": 109787.98290624, "tid": 14346722, "type": "sell"}
{"amount": 0.00246623, "date": 1667091399, "price": 109775.23695, "tid": 14346723, "type": "sell"}
{"amount": 0.00015001, "date": 1667091447, "price": 109775.23695, "tid": 14346724, "type": "sell"}
{"amount": 0.00086529, "date": 1667091447, "price": 109769.7617, "tid": 14346725, "type": "sell"}
{"amount": 0.00099085, "date": 1667091567, "price": 109814.29, "tid": 14346726, "type": "buy"}
{"amount": 3.729e-05, "date": 1667091578, "price": 109769.76175, "tid": 14346727, "type": "sell"}
{"amount": 0.00022311, "date": 1667091599, "price": 109819.75, "tid": 14346728, "type": "buy"}
{"amount": 0.00017303, "date": 1667091629, "price": 109802.91642162, "tid": 14346729, "type": "buy"}
{"amount": 0.01969249, "date": 1667091639, "price": 109769.76175, "tid": 14346730, "type": "sell"}
{"amount": 0.01298992, "date": 1667091639, "price": 109767.63411521, "tid": 14346731, "type": "sell"}
{"amount": 0.0268, "date": 1667091646, "price": 109809.03695901, "tid": 14346732, "type": "buy"}
{"amount": 0.01262205, "date": 1667091646, "price": 109809.70483127, "tid": 14346733, "type": "buy"}
{"amount": 0.00018213, "date": 1667091699, "price": 109806.05103376, "tid": 14346734, "type": "buy"}
{"amount": 0.15002017, "date": 1667091839, "price": 109823, "tid": 14346735, "type": "buy"}
{"amount": 0.02507501, "date": 1667091863, "price": 109823, "tid": 14346736, "type": "buy"}
{"amount": 0.0189, "date": 1667091872, "price": 109775.70088001, "tid": 14346737, "type": "sell"}
{"amount": 0.02062003, "date": 1667091872, "price": 109775.70088, "tid": 14346738, "type": "sell"}
{"amount": 0.0342, "date": 1667091872, "price": 109718.30024201, "tid": 14346739, "type": "sell"}
{"amount": 0.00336, "date": 1667091872, "price": 109718.300242, "tid": 14346740, "type": "sell"}
{"amount": 0.00329, "date": 1667091872, "price": 109717.04481398, "tid": 14346741, "type": "sell"}
{"amount": 0.00309, "date": 1667091872, "price": 109716.8212127, "tid": 14346742, "type": "sell"}
{"amount": 0.00923, "date": 1667091872, "price": 109716.3786685, "tid": 14346743, "type": "sell"}
{"amount": 0.00387, "date": 1667091872, "price": 109716.14109214, "tid": 14346744, "type": "sell"}
{"amount": 0.00333, "date": 1667091872, "price": 109715.42137552, "tid": 14346745, "type": "sell"}
{"amount": 0.00923, "date": 1667091872, "price": 109715.272308, "tid": 14346746, "type": "sell"}
{"amount": 0.16787997, "date": 1667091872, "price": 109652, "tid": 14346747, "type": "sell"}
{"amount": 0.0002209, "date": 1667091888, "price": 109724.17676314, "tid": 14346748, "type": "sell"}
{"amount": 0.0169, "date": 1667091957, "price": 109822.99999999, "tid": 14346749, "type": "buy"}
{"amount": 1.252e-05, "date": 1667091957, "price": 109823, "tid": 14346750, "type": "buy"}
{"amount": 0.10333799, "date": 1667092001, "price": 109823, "tid": 14346751, "type": "buy"}
{"amount": 0.04328166, "date": 1667092008, "price": 109823, "tid": 14346752, "type": "buy"}
{"amount": 0.0067821, "date": 1667092036, "price": 109823, "tid": 14346753, "type": "buy"}
{"amount": 0.05577604, "date": 1667092046, "price": 109823, "tid": 14346754, "type": "buy"}
{"amount": 3.39e-06, "date": 1667092046, "price": 109870.65682622, "tid": 14346755, "type": "buy"}
{"amount": 0.00022754, "date": 1667092071, "price": 109870.6568262, "tid": 14346756, "type": "buy"}
{"amount": 0.00205, "date": 1667092182, "price": 109743.56685824, "tid": 14346757, "type": "sell"}
{"amount": 0.01088541, "date": 1667092182, "price": 109742.4169, "tid": 14346758, "type": "sell"}
{"amount": 0.00181931, "date": 1667092184, "price": 109931.24, "tid": 14346759, "type": "buy"}
{"amount": 1.829e-05, "date": 1667092432, "price": 109883.83999999, "tid": 14346760, "type": "buy"}
{"amount": 0.0217, "date": 1667092480, "price": 109940.76999999, "tid": 14346761, "type": "buy"}
{"amount": 0.05606046, "date": 1667092480, "price": 109940.77, "tid": 14346762, "type": "buy"}
{"amount": 0.00203, "date": 1667092488, "price": 109834.74600034, "tid": 14346763, "type": "sell"}
{"amount": 0.00201, "date": 1667092488, "price": 109833.09927008, "tid": 14346764, "type": "sell"}
{"amount": 0.00196, "date": 1667092488, "price": 109832.69632194, "tid": 14346765, "type": "sell"}
{"amount": 0.008, "date": 1667092488, "price": 109831.7677, "tid": 14346766, "type": "sell"}
{"amount": 0.00045449, "date": 1667092566, "price": 110012.01137143, "tid": 14346767, "type": "buy"}
{"amount": 0.00015, "date": 1667092579, "price": 109849.83650001, "tid": 14346768, "type": "sell"}
{"amount": 9.54e-06, "date": 1667092726, "price": 109950.51768781, "tid": 14346769, "type": "buy"}
{"amount": 0.00153725, "date": 1667092826, "price": 109798.30090001, "tid": 14346770, "type": "sell"}
{"amount": 4.545e-05, "date": 1667092869, "price": 109991.73376698, "tid": 14346771, "type": "buy"}
{"amount": 0.00761082, "date": 1667092903, "price": 109770.26285001, "tid": 14346772, "type": "sell"}
{"amount": 0.0219, "date": 1667092918, "price": 109763.93480001, "tid": 14346773, "type": "sell"}
{"amount": 0.01917222, "date": 1667092918, "price": 109763.9348, "tid": 14346774, "type": "sell"}
{"amount": 0.00171, "date": 1667092993, "price": 109776.17033376, "tid": 14346775, "type": "sell"}
{"amount": 0.0021, "date": 1667092993, "price": 109775.89549052, "tid": 14346776, "type": "sell"}
{"amount": 0.00173, "date": 1667092993, "price": 109775.28757454, "tid": 14346777, "type": "sell"}
{"amount": 0.00512, "date": 1667092993, "price": 109774.87996804, "tid": 14346778, "type": "sell"}
{"amount": 0.00555693, "date": 1667092993, "price": 109774.02055, "tid": 14346779, "type": "sell"}
{"amount": 0.00182, "date": 1667092993, "price": 109774.02050062, "tid": 14346780, "type": "sell"}
{"amount": 0.02812999, "date": 1667093016, "price": 109758.3148, "tid": 14346781, "type": "buy"}
{"amount": 0.01883308, "date": 1667093040, "price": 109758.3148, "tid": 14346782, "type": "buy"}
{"amount": 0.00165, "date": 1667093056, "price": 109759.66814764, "tid": 14346783, "type": "sell"}
{"amount": 0.01835, "date": 1667093056, "price": 109758.32481, "tid": 14346784, "type": "sell"}
{"amount": 0.00022734, "date": 1667093083, "price": 109967.05363999, "tid": 14346785, "type": "buy"}
{"amount": 0.00135, "date": 1667093236, "price": 109832.89826038, "tid": 14346786, "type": "sell"}
{"amount": 0.00136, "date": 1667093236, "price": 109831.81752086, "tid": 14346787, "type": "sell"}
{"amount": 0.00134, "date": 1667093236, "price": 109830.47824236, "tid": 14346788, "type": "sell"}
{"amount": 0.00166, "date": 1667093236, "price": 109829.36023595, "tid": 14346789, "type": "sell"}
{"amount": 0.00375, "date": 1667093236, "price": 109829.24843531, "tid": 14346790, "type": "sell"}
{"amount": 0.002034, "date": 1667093236, "price": 109828.24688791, "tid": 14346791, "type": "sell"}
{"amount": 0.00090891, "date": 1667093325, "price": 110021.4025244, "tid": 14346792, "type": "buy"}
{"amount": 0.0070209, "date": 1667093398, "price": 109847.7318, "tid": 14346793, "type": "sell"}
{"amount": 1.82e-05, "date": 1667093442, "price": 109849.9057, "tid": 14346794, "type": "sell"}
{"amount": 7.572e-05, "date": 1667093492, "price": 109999.23232999, "tid": 14346795, "type": "buy"}
{"amount": 0.00038347, "date": 1667093653, "price": 109866.18398065, "tid": 14346796, "type": "sell"}
{"amount": 0.00822317, "date": 1667093666, "price": 109978.21081, "tid": 14346797, "type": "buy"}
{"amount": 0.00032382, "date": 1667093798, "price": 109859.50457568, "tid": 14346798, "type": "sell"}
{"amount": 0.00031377, "date": 1667093880, "price": 109952.30490999, "tid": 14346799, "type": "buy"}
{"amount": 0.0004546, "date": 1667093964, "price": 109986.69993999, "tid": 14346800, "type": "buy"}
{"amount": 0.00036662, "date": 1667093971, "price": 109873.83274777, "tid": 14346801, "type": "sell"}
{"amount": 0.02259487, "date": 1667051639, "price": 109712.00642349, "tid": 14345804, "type": "sell"}
{"amount": 0.00045441, "date": 1667051662, "price": 110030.92998999, "tid": 14345805, "type": "buy"}
{"amount": 0.01210421, "date": 1667051825, "price": 110030.92992999, "tid": 14345806, "type": "buy"}
{"amount": 0.00119912, "date": 1667051864, "price": 109929.3290546, "tid": 14345807, "type": "sell"}
{"amount": 0.000456, "date": 1667051945, "price": 109952.31952155, "tid": 14345808, "type": "sell"}
{"amount": 0.0227, "date": 1667051945, "price": 110161.42169059, "tid": 14345809, "type": "buy"}
{"amount": 0.00070651, "date": 1667051945, "price": 110174.93139631, "tid": 14345810, "type": "buy"}
{"amount": 0.00018682, "date": 1667051984, "price": 109977.90130792, "tid": 14345811, "type": "sell"}
{"amount": 0.0021883, "date": 1667051987, "price": 109977.89660001, "tid": 14345812, "type": "sell"}
{"amount": 0.00376613, "date": 1667052006, "price": 110187.01, "tid": 14345813, "type": "buy"}
{"amount": 0.00236745, "date": 1667052006, "price": 110198.34321, "tid": 14345814, "type": "buy"}
{"amount": 0.0148, "date": 1667052016, "price": 110212.32401999, "tid": 14345815, "type": "buy"}
{"amount": 0.00208118, "date": 1667052016, "price": 110227.43161823, "tid": 14345816, "type": "buy"}
{"amount": 0.00290148, "date": 1667052046, "price": 110288.36999, "tid": 14345817, "type": "buy"}
{"amount": 3.82e-05, "date": 1667052055, "price": 110038.52926, "tid": 14345818, "type": "sell"}
{"amount": 0.00907047, "date": 1667052083, "price": 110247.80125, "tid": 14345819, "type": "buy"}
{"amount": 0.01480844, "date": 1667052176, "price": 110286.54998997, "tid": 14345820, "type": "buy"}
